;; -*- mode: org; mode: beancount; -*-
* Options

option "title" "Example with budgets"
option "operating_currency" "USD"

* Commodities


1792-01-01 commodity USD
  export: "CASH"
  name: "US Dollar"

1900-01-01 commodity VMMXX
  export: "MUTF:VMMXX (MONEY:USD)"

1980-05-12 commodity VACHR
  export: "IGNORE"
  name: "Employer Vacation Hours"

1980-05-12 commodity IRAUSD
  export: "IGNORE"
  name: "US 401k and IRA Contributions"

1995-09-18 commodity VBMPX
  export: "MUTF:VBMPX"
  name: "Vanguard Total Bond Market Index Fund Institutional Plus Shares"
  price: "USD:google/MUTF:VBMPX"

2004-01-20 commodity ITOT
  export: "NYSEARCA:ITOT"
  name: "iShares Core S&P Total U.S. Stock Market ETF"
  price: "USD:google/NYSEARCA:ITOT"

2004-01-26 commodity VHT
  export: "NYSEARCA:VHT"
  name: "Vanguard Health Care ETF"
  price: "USD:google/NYSEARCA:VHT"

2004-11-01 commodity GLD
  export: "NYSEARCA:GLD"
  name: "SPDR Gold Trust (ETF)"
  price: "USD:google/NYSEARCA:GLD"

2007-07-20 commodity VEA
  export: "NYSEARCA:VEA"
  name: "Vanguard FTSE Developed Markets ETF"
  price: "USD:google/NYSEARCA:VEA"

2009-05-01 commodity RGAGX
  export: "MUTF:RGAGX"
  name: "American Funds The Growth Fund of America Class R-6"
  price: "USD:google/MUTF:RGAGX"



* Equity Accounts

1980-05-12 open Equity:Opening-Balances
1980-05-12 open Liabilities:AccountsPayable

* Banking

2015-01-01 open Assets:US:BofA
  address: "123 America Street, LargeTown, USA"
  institution: "Bank of America"
  phone: "+1.012.345.6789"
2015-01-01 open Assets:US:BofA:Checking                        USD
  account: "00234-48574897"

2015-01-01 * "Opening Balance for checking account"
  Assets:US:BofA:Checking                         2820.05 USD
  Equity:Opening-Balances                        -2820.05 USD

2015-01-02 balance Assets:US:BofA:Checking        4170.65 USD

2015-01-04 * "BANK FEES" "Monthly bank fee"
  Assets:US:BofA:Checking                           -4.00 USD
  Expenses:Financial:Fees                            4.00 USD

2015-01-06 * "RiverBank Properties" "Paying the rent"
  Assets:US:BofA:Checking                        -2400.00 USD
  Expenses:Home:Rent                              2400.00 USD

2015-01-08 * "EDISON POWER" ""
  Assets:US:BofA:Checking                          -65.00 USD
  Expenses:Home:Electricity                         65.00 USD

2015-01-20 * "Verizon Wireless" ""
  Assets:US:BofA:Checking                          -46.66 USD
  Expenses:Home:Phone                               46.66 USD

2015-01-23 * "Wine-Tarner Cable" ""
  Assets:US:BofA:Checking                          -80.13 USD
  Expenses:Home:Internet                            80.13 USD

2015-01-31 balance Assets:US:BofA:Checking        4120.05 USD

2015-02-04 * "BANK FEES" "Monthly bank fee"
  Assets:US:BofA:Checking                           -4.00 USD
  Expenses:Financial:Fees                            4.00 USD

2015-02-04 * "RiverBank Properties" "Paying the rent"
  Assets:US:BofA:Checking                        -2400.00 USD
  Expenses:Home:Rent                              2400.00 USD

2015-02-09 * "EDISON POWER" ""
  Assets:US:BofA:Checking                          -65.00 USD
  Expenses:Home:Electricity                         65.00 USD

2015-02-18 * "Verizon Wireless" ""
  Assets:US:BofA:Checking                          -58.17 USD
  Expenses:Home:Phone                               58.17 USD

2015-02-23 * "Wine-Tarner Cable" ""
  Assets:US:BofA:Checking                          -79.96 USD
  Expenses:Home:Internet                            79.96 USD

2015-02-27 balance Assets:US:BofA:Checking        3519.70 USD

2015-03-04 * "BANK FEES" "Monthly bank fee"
  Assets:US:BofA:Checking                           -4.00 USD
  Expenses:Financial:Fees                            4.00 USD

2015-03-04 * "RiverBank Properties" "Paying the rent"
  Assets:US:BofA:Checking                        -2400.00 USD
  Expenses:Home:Rent                              2400.00 USD

2015-03-09 * "EDISON POWER" ""
  Assets:US:BofA:Checking                          -65.00 USD
  Expenses:Home:Electricity                         65.00 USD

2015-03-20 * "Verizon Wireless" ""
  Assets:US:BofA:Checking                          -56.78 USD
  Expenses:Home:Phone                               56.78 USD

2015-03-21 * "Wine-Tarner Cable" ""
  Assets:US:BofA:Checking                          -79.97 USD
  Expenses:Home:Internet                            79.97 USD

2015-03-27 balance Assets:US:BofA:Checking        3039.48 USD

2015-04-04 * "BANK FEES" "Monthly bank fee"
  Assets:US:BofA:Checking                           -4.00 USD
  Expenses:Financial:Fees                            4.00 USD

2015-04-04 * "RiverBank Properties" "Paying the rent"
  Assets:US:BofA:Checking                        -2400.00 USD
  Expenses:Home:Rent                              2400.00 USD

2015-04-09 * "EDISON POWER" ""
  Assets:US:BofA:Checking                          -65.00 USD
  Expenses:Home:Electricity                         65.00 USD

2015-04-18 * "Verizon Wireless" ""
  Assets:US:BofA:Checking                          -70.79 USD
  Expenses:Home:Phone                               70.79 USD

2015-04-22 balance Assets:US:BofA:Checking        1285.92 USD

2015-04-22 * "Wine-Tarner Cable" ""
  Assets:US:BofA:Checking                          -80.06 USD
  Expenses:Home:Internet                            80.06 USD

2015-05-03 * "RiverBank Properties" "Paying the rent"
  Assets:US:BofA:Checking                        -2400.00 USD
  Expenses:Home:Rent                              2400.00 USD

2015-05-04 * "BANK FEES" "Monthly bank fee"
  Assets:US:BofA:Checking                           -4.00 USD
  Expenses:Financial:Fees                            4.00 USD

2015-05-08 * "EDISON POWER" ""
  Assets:US:BofA:Checking                          -65.00 USD
  Expenses:Home:Electricity                         65.00 USD

2015-05-17 balance Assets:US:BofA:Checking         905.82 USD

2015-05-19 * "Verizon Wireless" ""
  Assets:US:BofA:Checking                          -60.53 USD
  Expenses:Home:Phone                               60.53 USD

2015-05-21 * "Wine-Tarner Cable" ""
  Assets:US:BofA:Checking                          -79.91 USD
  Expenses:Home:Internet                            79.91 USD

2015-06-04 * "BANK FEES" "Monthly bank fee"
  Assets:US:BofA:Checking                           -4.00 USD
  Expenses:Financial:Fees                            4.00 USD

2015-06-05 * "RiverBank Properties" "Paying the rent"
  Assets:US:BofA:Checking                        -2400.00 USD
  Expenses:Home:Rent                              2400.00 USD

2015-06-08 * "EDISON POWER" ""
  Assets:US:BofA:Checking                          -65.00 USD
  Expenses:Home:Electricity                         65.00 USD

2015-06-16 balance Assets:US:BofA:Checking         473.06 USD

2015-06-18 * "Verizon Wireless" ""
  Assets:US:BofA:Checking                          -67.78 USD
  Expenses:Home:Phone                               67.78 USD

2015-06-21 * "Wine-Tarner Cable" ""
  Assets:US:BofA:Checking                          -79.95 USD
  Expenses:Home:Internet                            79.95 USD

2015-07-04 * "BANK FEES" "Monthly bank fee"
  Assets:US:BofA:Checking                           -4.00 USD
  Expenses:Financial:Fees                            4.00 USD

2015-07-05 * "RiverBank Properties" "Paying the rent"
  Assets:US:BofA:Checking                        -2400.00 USD
  Expenses:Home:Rent                              2400.00 USD

2015-07-07 balance Assets:US:BofA:Checking         622.53 USD

2015-07-08 * "EDISON POWER" ""
  Assets:US:BofA:Checking                          -65.00 USD
  Expenses:Home:Electricity                         65.00 USD

2015-07-20 * "Verizon Wireless" ""
  Assets:US:BofA:Checking                          -66.39 USD
  Expenses:Home:Phone                               66.39 USD

2015-07-22 * "Wine-Tarner Cable" ""
  Assets:US:BofA:Checking                          -79.87 USD
  Expenses:Home:Internet                            79.87 USD

2015-07-28 balance Assets:US:BofA:Checking        1204.34 USD

2015-08-04 * "BANK FEES" "Monthly bank fee"
  Assets:US:BofA:Checking                           -4.00 USD
  Expenses:Financial:Fees                            4.00 USD

2015-08-06 * "RiverBank Properties" "Paying the rent"
  Assets:US:BofA:Checking                        -2400.00 USD
  Expenses:Home:Rent                              2400.00 USD

2015-08-08 * "EDISON POWER" ""
  Assets:US:BofA:Checking                          -65.00 USD
  Expenses:Home:Electricity                         65.00 USD

2015-08-20 * "Verizon Wireless" ""
  Assets:US:BofA:Checking                          -52.57 USD
  Expenses:Home:Phone                               52.57 USD

2015-08-22 * "Wine-Tarner Cable" ""
  Assets:US:BofA:Checking                          -80.07 USD
  Expenses:Home:Internet                            80.07 USD

2015-08-23 balance Assets:US:BofA:Checking        3046.55 USD

2015-09-04 * "BANK FEES" "Monthly bank fee"
  Assets:US:BofA:Checking                           -4.00 USD
  Expenses:Financial:Fees                            4.00 USD

2015-09-04 * "RiverBank Properties" "Paying the rent"
  Assets:US:BofA:Checking                        -2400.00 USD
  Expenses:Home:Rent                              2400.00 USD

2015-09-08 * "EDISON POWER" ""
  Assets:US:BofA:Checking                          -65.00 USD
  Expenses:Home:Electricity                         65.00 USD

2015-09-11 * "Transfering accumulated savings to other account"
  Assets:US:BofA:Checking                           -4500 USD
  Assets:US:ETrade:Cash                              4500 USD

2015-09-20 balance Assets:US:BofA:Checking         485.30 USD

2015-09-20 * "Verizon Wireless" ""
  Assets:US:BofA:Checking                          -63.29 USD
  Expenses:Home:Phone                               63.29 USD

2015-09-21 * "Wine-Tarner Cable" ""
  Assets:US:BofA:Checking                          -80.10 USD
  Expenses:Home:Internet                            80.10 USD

2015-10-03 * "RiverBank Properties" "Paying the rent"
  Assets:US:BofA:Checking                        -2400.00 USD
  Expenses:Home:Rent                              2400.00 USD

2015-10-04 * "BANK FEES" "Monthly bank fee"
  Assets:US:BofA:Checking                           -4.00 USD
  Expenses:Financial:Fees                            4.00 USD

2015-10-09 * "EDISON POWER" ""
  Assets:US:BofA:Checking                          -65.00 USD
  Expenses:Home:Electricity                         65.00 USD

2015-10-19 * "Verizon Wireless" ""
  Assets:US:BofA:Checking                          -60.18 USD
  Expenses:Home:Phone                               60.18 USD

2015-10-20 balance Assets:US:BofA:Checking        2433.29 USD

2015-10-23 * "Wine-Tarner Cable" ""
  Assets:US:BofA:Checking                          -80.04 USD
  Expenses:Home:Internet                            80.04 USD

2015-10-23 * "Transfering accumulated savings to other account"
  Assets:US:BofA:Checking                           -4000 USD
  Assets:US:ETrade:Cash                              4000 USD

2015-11-04 * "BANK FEES" "Monthly bank fee"
  Assets:US:BofA:Checking                           -4.00 USD
  Expenses:Financial:Fees                            4.00 USD

2015-11-05 * "RiverBank Properties" "Paying the rent"
  Assets:US:BofA:Checking                        -2400.00 USD
  Expenses:Home:Rent                              2400.00 USD

2015-11-08 * "EDISON POWER" ""
  Assets:US:BofA:Checking                          -65.00 USD
  Expenses:Home:Electricity                         65.00 USD

2015-11-13 balance Assets:US:BofA:Checking         466.04 USD

2015-11-19 * "Verizon Wireless" ""
  Assets:US:BofA:Checking                          -69.84 USD
  Expenses:Home:Phone                               69.84 USD

2015-11-21 * "Wine-Tarner Cable" ""
  Assets:US:BofA:Checking                          -80.00 USD
  Expenses:Home:Internet                            80.00 USD

2015-12-04 * "BANK FEES" "Monthly bank fee"
  Assets:US:BofA:Checking                           -4.00 USD
  Expenses:Financial:Fees                            4.00 USD

2015-12-04 * "RiverBank Properties" "Paying the rent"
  Assets:US:BofA:Checking                        -2400.00 USD
  Expenses:Home:Rent                              2400.00 USD

2015-12-09 * "EDISON POWER" ""
  Assets:US:BofA:Checking                          -65.00 USD
  Expenses:Home:Electricity                         65.00 USD

2015-12-13 balance Assets:US:BofA:Checking        2709.79 USD

2015-12-19 * "Verizon Wireless" ""
  Assets:US:BofA:Checking                          -66.06 USD
  Expenses:Home:Phone                               66.06 USD

2015-12-21 * "Wine-Tarner Cable" ""
  Assets:US:BofA:Checking                          -80.08 USD
  Expenses:Home:Internet                            80.08 USD

2016-01-03 * "RiverBank Properties" "Paying the rent"
  Assets:US:BofA:Checking                        -2400.00 USD
  Expenses:Home:Rent                              2400.00 USD

2016-01-04 * "BANK FEES" "Monthly bank fee"
  Assets:US:BofA:Checking                           -4.00 USD
  Expenses:Financial:Fees                            4.00 USD

2016-01-09 * "EDISON POWER" ""
  Assets:US:BofA:Checking                          -65.00 USD
  Expenses:Home:Electricity                         65.00 USD

2016-01-12 balance Assets:US:BofA:Checking        5059.48 USD

2016-01-20 * "Verizon Wireless" ""
  Assets:US:BofA:Checking                          -66.75 USD
  Expenses:Home:Phone                               66.75 USD

2016-01-23 * "Wine-Tarner Cable" ""
  Assets:US:BofA:Checking                          -79.98 USD
  Expenses:Home:Internet                            79.98 USD

2016-02-03 balance Assets:US:BofA:Checking        7613.95 USD

2016-02-03 * "RiverBank Properties" "Paying the rent"
  Assets:US:BofA:Checking                        -2400.00 USD
  Expenses:Home:Rent                              2400.00 USD

2016-02-04 * "BANK FEES" "Monthly bank fee"
  Assets:US:BofA:Checking                           -4.00 USD
  Expenses:Financial:Fees                            4.00 USD

2016-02-08 * "EDISON POWER" ""
  Assets:US:BofA:Checking                          -65.00 USD
  Expenses:Home:Electricity                         65.00 USD

2016-02-20 * "Verizon Wireless" ""
  Assets:US:BofA:Checking                          -69.87 USD
  Expenses:Home:Phone                               69.87 USD

2016-02-22 * "Wine-Tarner Cable" ""
  Assets:US:BofA:Checking                          -79.99 USD
  Expenses:Home:Internet                            79.99 USD

2016-02-27 balance Assets:US:BofA:Checking        7070.30 USD

2016-03-04 * "BANK FEES" "Monthly bank fee"
  Assets:US:BofA:Checking                           -4.00 USD
  Expenses:Financial:Fees                            4.00 USD

2016-03-04 * "RiverBank Properties" "Paying the rent"
  Assets:US:BofA:Checking                        -2400.00 USD
  Expenses:Home:Rent                              2400.00 USD

2016-03-09 * "EDISON POWER" ""
  Assets:US:BofA:Checking                          -65.00 USD
  Expenses:Home:Electricity                         65.00 USD

2016-03-20 * "Verizon Wireless" ""
  Assets:US:BofA:Checking                          -54.35 USD
  Expenses:Home:Phone                               54.35 USD

2016-03-21 * "Wine-Tarner Cable" ""
  Assets:US:BofA:Checking                          -80.17 USD
  Expenses:Home:Internet                            80.17 USD

2016-03-24 balance Assets:US:BofA:Checking        5045.38 USD

2016-04-04 * "BANK FEES" "Monthly bank fee"
  Assets:US:BofA:Checking                           -4.00 USD
  Expenses:Financial:Fees                            4.00 USD

2016-04-06 * "RiverBank Properties" "Paying the rent"
  Assets:US:BofA:Checking                        -2400.00 USD
  Expenses:Home:Rent                              2400.00 USD

2016-04-09 * "EDISON POWER" ""
  Assets:US:BofA:Checking                          -65.00 USD
  Expenses:Home:Electricity                         65.00 USD

2016-04-17 balance Assets:US:BofA:Checking        4190.64 USD

2016-04-18 * "Verizon Wireless" ""
  Assets:US:BofA:Checking                          -65.82 USD
  Expenses:Home:Phone                               65.82 USD

2016-04-23 * "Wine-Tarner Cable" ""
  Assets:US:BofA:Checking                          -79.95 USD
  Expenses:Home:Internet                            79.95 USD

2016-05-03 * "RiverBank Properties" "Paying the rent"
  Assets:US:BofA:Checking                        -2400.00 USD
  Expenses:Home:Rent                              2400.00 USD

2016-05-04 * "BANK FEES" "Monthly bank fee"
  Assets:US:BofA:Checking                           -4.00 USD
  Expenses:Financial:Fees                            4.00 USD

2016-05-08 * "EDISON POWER" ""
  Assets:US:BofA:Checking                          -65.00 USD
  Expenses:Home:Electricity                         65.00 USD

2016-05-12 balance Assets:US:BofA:Checking        3782.61 USD

2016-05-19 * "Verizon Wireless" ""
  Assets:US:BofA:Checking                          -46.37 USD
  Expenses:Home:Phone                               46.37 USD

2016-05-21 * "Wine-Tarner Cable" ""
  Assets:US:BofA:Checking                          -79.94 USD
  Expenses:Home:Internet                            79.94 USD

2016-06-04 * "BANK FEES" "Monthly bank fee"
  Assets:US:BofA:Checking                           -4.00 USD
  Expenses:Financial:Fees                            4.00 USD

2016-06-06 * "RiverBank Properties" "Paying the rent"
  Assets:US:BofA:Checking                        -2400.00 USD
  Expenses:Home:Rent                              2400.00 USD

2016-06-07 balance Assets:US:BofA:Checking        3953.50 USD

2016-06-09 * "EDISON POWER" ""
  Assets:US:BofA:Checking                          -65.00 USD
  Expenses:Home:Electricity                         65.00 USD

2016-06-20 * "Verizon Wireless" ""
  Assets:US:BofA:Checking                          -49.14 USD
  Expenses:Home:Phone                               49.14 USD

2016-06-21 * "Wine-Tarner Cable" ""
  Assets:US:BofA:Checking                          -79.98 USD
  Expenses:Home:Internet                            79.98 USD

2016-06-30 balance Assets:US:BofA:Checking        4493.60 USD

2016-07-04 * "BANK FEES" "Monthly bank fee"
  Assets:US:BofA:Checking                           -4.00 USD
  Expenses:Financial:Fees                            4.00 USD

2016-07-05 * "RiverBank Properties" "Paying the rent"
  Assets:US:BofA:Checking                        -2400.00 USD
  Expenses:Home:Rent                              2400.00 USD

2016-07-08 * "EDISON POWER" ""
  Assets:US:BofA:Checking                          -65.00 USD
  Expenses:Home:Electricity                         65.00 USD

2016-07-20 * "Verizon Wireless" ""
  Assets:US:BofA:Checking                          -65.42 USD
  Expenses:Home:Phone                               65.42 USD

2016-07-21 * "Wine-Tarner Cable" ""
  Assets:US:BofA:Checking                          -80.01 USD
  Expenses:Home:Internet                            80.01 USD

2016-07-24 balance Assets:US:BofA:Checking        3939.57 USD

2016-08-04 * "BANK FEES" "Monthly bank fee"
  Assets:US:BofA:Checking                           -4.00 USD
  Expenses:Financial:Fees                            4.00 USD

2016-08-06 * "RiverBank Properties" "Paying the rent"
  Assets:US:BofA:Checking                        -2400.00 USD
  Expenses:Home:Rent                              2400.00 USD

2016-08-08 * "EDISON POWER" ""
  Assets:US:BofA:Checking                          -65.00 USD
  Expenses:Home:Electricity                         65.00 USD

2016-08-12 * "Transfering accumulated savings to other account"
  Assets:US:BofA:Checking                           -4000 USD
  Assets:US:ETrade:Cash                              4000 USD

2016-08-16 balance Assets:US:BofA:Checking         749.97 USD

2016-08-19 * "Verizon Wireless" ""
  Assets:US:BofA:Checking                          -56.96 USD
  Expenses:Home:Phone                               56.96 USD

2016-08-22 * "Wine-Tarner Cable" ""
  Assets:US:BofA:Checking                          -80.07 USD
  Expenses:Home:Internet                            80.07 USD

2016-09-03 * "RiverBank Properties" "Paying the rent"
  Assets:US:BofA:Checking                        -2400.00 USD
  Expenses:Home:Rent                              2400.00 USD

2016-09-04 * "BANK FEES" "Monthly bank fee"
  Assets:US:BofA:Checking                           -4.00 USD
  Expenses:Financial:Fees                            4.00 USD

2016-09-08 * "EDISON POWER" ""
  Assets:US:BofA:Checking                          -65.00 USD
  Expenses:Home:Electricity                         65.00 USD

2016-09-13 balance Assets:US:BofA:Checking        2779.73 USD

2016-09-19 * "Verizon Wireless" ""
  Assets:US:BofA:Checking                          -85.42 USD
  Expenses:Home:Phone                               85.42 USD

2016-09-23 * "Wine-Tarner Cable" ""
  Assets:US:BofA:Checking                          -79.93 USD
  Expenses:Home:Internet                            79.93 USD

2016-10-03 * "RiverBank Properties" "Paying the rent"
  Assets:US:BofA:Checking                        -2400.00 USD
  Expenses:Home:Rent                              2400.00 USD

2016-10-04 * "BANK FEES" "Monthly bank fee"
  Assets:US:BofA:Checking                           -4.00 USD
  Expenses:Financial:Fees                            4.00 USD

2016-10-07 * "Transfering accumulated savings to other account"
  Assets:US:BofA:Checking                           -4000 USD
  Assets:US:ETrade:Cash                              4000 USD

2016-10-09 balance Assets:US:BofA:Checking        1311.58 USD

2016-10-09 * "EDISON POWER" ""
  Assets:US:BofA:Checking                          -65.00 USD
  Expenses:Home:Electricity                         65.00 USD

2016-10-18 * "Verizon Wireless" ""
  Assets:US:BofA:Checking                          -45.61 USD
  Expenses:Home:Phone                               45.61 USD

2016-10-21 * "Wine-Tarner Cable" ""
  Assets:US:BofA:Checking                          -80.02 USD
  Expenses:Home:Internet                            80.02 USD

2016-10-31 balance Assets:US:BofA:Checking        2951.39 USD

2016-11-03 * "RiverBank Properties" "Paying the rent"
  Assets:US:BofA:Checking                        -2400.00 USD
  Expenses:Home:Rent                              2400.00 USD

2016-11-04 * "BANK FEES" "Monthly bank fee"
  Assets:US:BofA:Checking                           -4.00 USD
  Expenses:Financial:Fees                            4.00 USD

2016-11-09 * "EDISON POWER" ""
  Assets:US:BofA:Checking                          -65.00 USD
  Expenses:Home:Electricity                         65.00 USD

2016-11-18 * "Transfering accumulated savings to other account"
  Assets:US:BofA:Checking                           -3000 USD
  Assets:US:ETrade:Cash                              3000 USD

2016-11-20 * "Verizon Wireless" ""
  Assets:US:BofA:Checking                          -60.80 USD
  Expenses:Home:Phone                               60.80 USD

2016-11-23 * "Wine-Tarner Cable" ""
  Assets:US:BofA:Checking                          -79.92 USD
  Expenses:Home:Internet                            79.92 USD

2016-11-30 balance Assets:US:BofA:Checking        1688.07 USD

2016-12-03 * "RiverBank Properties" "Paying the rent"
  Assets:US:BofA:Checking                        -2400.00 USD
  Expenses:Home:Rent                              2400.00 USD

2016-12-04 * "BANK FEES" "Monthly bank fee"
  Assets:US:BofA:Checking                           -4.00 USD
  Expenses:Financial:Fees                            4.00 USD

2016-12-09 * "EDISON POWER" ""
  Assets:US:BofA:Checking                          -65.00 USD
  Expenses:Home:Electricity                         65.00 USD

2016-12-18 * "Verizon Wireless" ""
  Assets:US:BofA:Checking                          -57.31 USD
  Expenses:Home:Phone                               57.31 USD

2016-12-22 balance Assets:US:BofA:Checking        3560.92 USD

2016-12-23 * "Wine-Tarner Cable" ""
  Assets:US:BofA:Checking                          -80.01 USD
  Expenses:Home:Internet                            80.01 USD

2017-01-04 * "BANK FEES" "Monthly bank fee"
  Assets:US:BofA:Checking                           -4.00 USD
  Expenses:Financial:Fees                            4.00 USD

2017-01-05 * "RiverBank Properties" "Paying the rent"
  Assets:US:BofA:Checking                        -2400.00 USD
  Expenses:Home:Rent                              2400.00 USD

2017-01-08 * "EDISON POWER" ""
  Assets:US:BofA:Checking                          -65.00 USD
  Expenses:Home:Electricity                         65.00 USD

2017-01-12 balance Assets:US:BofA:Checking        2937.08 USD

2017-01-18 * "Verizon Wireless" ""
  Assets:US:BofA:Checking                          -69.25 USD
  Expenses:Home:Phone                               69.25 USD

2017-01-22 * "Wine-Tarner Cable" ""
  Assets:US:BofA:Checking                          -79.89 USD
  Expenses:Home:Internet                            79.89 USD

2017-02-04 balance Assets:US:BofA:Checking        5489.14 USD

2017-02-04 * "BANK FEES" "Monthly bank fee"
  Assets:US:BofA:Checking                           -4.00 USD
  Expenses:Financial:Fees                            4.00 USD

2017-02-04 * "RiverBank Properties" "Paying the rent"
  Assets:US:BofA:Checking                        -2400.00 USD
  Expenses:Home:Rent                              2400.00 USD

2017-02-09 * "EDISON POWER" ""
  Assets:US:BofA:Checking                          -65.00 USD
  Expenses:Home:Electricity                         65.00 USD

2017-02-18 * "Verizon Wireless" ""
  Assets:US:BofA:Checking                          -59.02 USD
  Expenses:Home:Phone                               59.02 USD

2017-02-22 * "Wine-Tarner Cable" ""
  Assets:US:BofA:Checking                          -80.05 USD
  Expenses:Home:Internet                            80.05 USD

2017-03-04 balance Assets:US:BofA:Checking        5194.85 USD

2017-03-04 * "BANK FEES" "Monthly bank fee"
  Assets:US:BofA:Checking                           -4.00 USD
  Expenses:Financial:Fees                            4.00 USD

2017-03-05 * "RiverBank Properties" "Paying the rent"
  Assets:US:BofA:Checking                        -2400.00 USD
  Expenses:Home:Rent                              2400.00 USD

2017-03-08 * "EDISON POWER" ""
  Assets:US:BofA:Checking                          -65.00 USD
  Expenses:Home:Electricity                         65.00 USD

2017-03-19 * "Verizon Wireless" ""
  Assets:US:BofA:Checking                          -67.67 USD
  Expenses:Home:Phone                               67.67 USD

2017-03-23 * "Wine-Tarner Cable" ""
  Assets:US:BofA:Checking                          -79.98 USD
  Expenses:Home:Internet                            79.98 USD

2017-03-25 balance Assets:US:BofA:Checking        3898.70 USD

2017-04-04 * "BANK FEES" "Monthly bank fee"
  Assets:US:BofA:Checking                           -4.00 USD
  Expenses:Financial:Fees                            4.00 USD

2017-04-04 * "RiverBank Properties" "Paying the rent"
  Assets:US:BofA:Checking                        -2400.00 USD
  Expenses:Home:Rent                              2400.00 USD

2017-04-08 * "EDISON POWER" ""
  Assets:US:BofA:Checking                          -65.00 USD
  Expenses:Home:Electricity                         65.00 USD

2017-04-16 balance Assets:US:BofA:Checking        2171.56 USD

2017-04-18 * "Verizon Wireless" ""
  Assets:US:BofA:Checking                          -85.18 USD
  Expenses:Home:Phone                               85.18 USD

2017-04-23 * "Wine-Tarner Cable" ""
  Assets:US:BofA:Checking                          -80.20 USD
  Expenses:Home:Internet                            80.20 USD

2017-05-03 * "RiverBank Properties" "Paying the rent"
  Assets:US:BofA:Checking                        -2400.00 USD
  Expenses:Home:Rent                              2400.00 USD

2017-05-04 * "BANK FEES" "Monthly bank fee"
  Assets:US:BofA:Checking                           -4.00 USD
  Expenses:Financial:Fees                            4.00 USD

2017-05-09 * "EDISON POWER" ""
  Assets:US:BofA:Checking                          -65.00 USD
  Expenses:Home:Electricity                         65.00 USD

2017-05-12 balance Assets:US:BofA:Checking        1645.91 USD

2017-05-18 * "Verizon Wireless" ""
  Assets:US:BofA:Checking                          -55.68 USD
  Expenses:Home:Phone                               55.68 USD

2017-05-22 * "Wine-Tarner Cable" ""
  Assets:US:BofA:Checking                          -79.92 USD
  Expenses:Home:Internet                            79.92 USD

2017-06-04 * "BANK FEES" "Monthly bank fee"
  Assets:US:BofA:Checking                           -4.00 USD
  Expenses:Financial:Fees                            4.00 USD

2017-06-04 * "RiverBank Properties" "Paying the rent"
  Assets:US:BofA:Checking                        -2400.00 USD
  Expenses:Home:Rent                              2400.00 USD

2017-06-08 balance Assets:US:BofA:Checking        1119.31 USD

2017-06-08 * "EDISON POWER" ""
  Assets:US:BofA:Checking                          -65.00 USD
  Expenses:Home:Electricity                         65.00 USD

2017-06-18 * "Verizon Wireless" ""
  Assets:US:BofA:Checking                          -54.38 USD
  Expenses:Home:Phone                               54.38 USD

2017-06-21 * "Wine-Tarner Cable" ""
  Assets:US:BofA:Checking                          -80.00 USD
  Expenses:Home:Internet                            80.00 USD

2017-07-01 balance Assets:US:BofA:Checking        3621.13 USD

2017-07-03 * "RiverBank Properties" "Paying the rent"
  Assets:US:BofA:Checking                        -2400.00 USD
  Expenses:Home:Rent                              2400.00 USD

2017-07-04 * "BANK FEES" "Monthly bank fee"
  Assets:US:BofA:Checking                           -4.00 USD
  Expenses:Financial:Fees                            4.00 USD

2017-07-08 * "EDISON POWER" ""
  Assets:US:BofA:Checking                          -65.00 USD
  Expenses:Home:Electricity                         65.00 USD

2017-07-18 * "Verizon Wireless" ""
  Assets:US:BofA:Checking                          -54.74 USD
  Expenses:Home:Phone                               54.74 USD

2017-07-22 * "Wine-Tarner Cable" ""
  Assets:US:BofA:Checking                          -79.95 USD
  Expenses:Home:Internet                            79.95 USD

2017-07-31 balance Assets:US:BofA:Checking        3068.98 USD

2017-08-04 * "BANK FEES" "Monthly bank fee"
  Assets:US:BofA:Checking                           -4.00 USD
  Expenses:Financial:Fees                            4.00 USD

2017-08-05 * "RiverBank Properties" "Paying the rent"
  Assets:US:BofA:Checking                        -2400.00 USD
  Expenses:Home:Rent                              2400.00 USD

2017-08-08 * "EDISON POWER" ""
  Assets:US:BofA:Checking                          -65.00 USD
  Expenses:Home:Electricity                         65.00 USD

2017-08-19 * "Verizon Wireless" ""
  Assets:US:BofA:Checking                          -61.73 USD
  Expenses:Home:Phone                               61.73 USD

2017-08-23 * "Wine-Tarner Cable" ""
  Assets:US:BofA:Checking                          -79.98 USD
  Expenses:Home:Internet                            79.98 USD

2017-08-25 balance Assets:US:BofA:Checking        4789.72 USD

2017-08-25 * "Transfering accumulated savings to other account"
  Assets:US:BofA:Checking                           -4500 USD
  Assets:US:ETrade:Cash                              4500 USD

2017-09-04 * "BANK FEES" "Monthly bank fee"
  Assets:US:BofA:Checking                           -4.00 USD
  Expenses:Financial:Fees                            4.00 USD



* Credit-Cards

1980-05-12 open Liabilities:US:Chase:Slate                      USD

2015-01-06 * "Cafe Modagor" "Eating out with Natasha"
  Liabilities:US:Chase:Slate                       -30.95 USD
  Expenses:Food:Restaurant                          30.95 USD

2015-01-09 * "Kin Soy" "Eating out with work buddies"
  Liabilities:US:Chase:Slate                       -40.93 USD
  Expenses:Food:Restaurant                          40.93 USD

2015-01-09 * "Corner Deli" "Buying groceries"
  Liabilities:US:Chase:Slate                       -63.30 USD
  Expenses:Food:Groceries                           63.30 USD

2015-01-11 * "Chichipotle" "Eating out with Bill"
  Liabilities:US:Chase:Slate                       -20.83 USD
  Expenses:Food:Restaurant                          20.83 USD

2015-01-11 * "Chase:Slate" "Paying off credit card"
  Liabilities:US:Chase:Slate                       156.01 USD
  Assets:US:BofA:Checking                         -156.01 USD

2015-01-14 * "Jewel of Morroco" "Eating out with Julie"
  Liabilities:US:Chase:Slate                       -23.83 USD
  Expenses:Food:Restaurant                          23.83 USD

2015-01-14 * "Farmer Fresh" "Buying groceries"
  Liabilities:US:Chase:Slate                       -74.30 USD
  Expenses:Food:Groceries                           74.30 USD

2015-01-15 * "Kin Soy" "Eating out with Bill"
  Liabilities:US:Chase:Slate                       -52.99 USD
  Expenses:Food:Restaurant                          52.99 USD

2015-01-18 * "Chichipotle" "Eating out alone"
  Liabilities:US:Chase:Slate                       -21.59 USD
  Expenses:Food:Restaurant                          21.59 USD

2015-01-22 * "Rose Flower" "Eating out with Julie"
  Liabilities:US:Chase:Slate                       -35.70 USD
  Expenses:Food:Restaurant                          35.70 USD

2015-01-24 * "Farmer Fresh" "Buying groceries"
  Liabilities:US:Chase:Slate                       -70.65 USD
  Expenses:Food:Groceries                           70.65 USD

2015-01-25 balance Liabilities:US:Chase:Slate     -279.06 USD

2015-01-25 * "Kin Soy" "Eating out "
  Liabilities:US:Chase:Slate                       -31.82 USD
  Expenses:Food:Restaurant                          31.82 USD

2015-01-28 * "Metro Transport Authority" "Tram tickets"
  Liabilities:US:Chase:Slate                      -120.00 USD
  Expenses:Transport:Tram                          120.00 USD

2015-01-29 * "Goba Goba" "Eating out with Julie"
  Liabilities:US:Chase:Slate                       -83.29 USD
  Expenses:Food:Restaurant                          83.29 USD

2015-02-03 * "Kin Soy" "Eating out with work buddies"
  Liabilities:US:Chase:Slate                       -27.90 USD
  Expenses:Food:Restaurant                          27.90 USD

2015-02-04 * "Cafe Modagor" "Eating out after work"
  Liabilities:US:Chase:Slate                       -20.88 USD
  Expenses:Food:Restaurant                          20.88 USD

2015-02-04 * "Farmer Fresh" "Buying groceries"
  Liabilities:US:Chase:Slate                       -77.84 USD
  Expenses:Food:Groceries                           77.84 USD

2015-02-07 * "Cafe Modagor" "Eating out alone"
  Liabilities:US:Chase:Slate                       -25.20 USD
  Expenses:Food:Restaurant                          25.20 USD

2015-02-09 * "Chase:Slate" "Paying off credit card"
  Liabilities:US:Chase:Slate                       694.42 USD
  Assets:US:BofA:Checking                         -694.42 USD

2015-02-12 * "China Garden" "Eating out with Joe"
  Liabilities:US:Chase:Slate                       -28.43 USD
  Expenses:Food:Restaurant                          28.43 USD

2015-02-14 * "Chichipotle" "Eating out with Julie"
  Liabilities:US:Chase:Slate                       -30.17 USD
  Expenses:Food:Restaurant                          30.17 USD

2015-02-17 * "Corner Deli" "Buying groceries"
  Liabilities:US:Chase:Slate                       -80.80 USD
  Expenses:Food:Groceries                           80.80 USD

2015-02-18 balance Liabilities:US:Chase:Slate     -110.97 USD

2015-02-19 * "Jewel of Morroco" "Eating out with Joe"
  Liabilities:US:Chase:Slate                       -10.46 USD
  Expenses:Food:Restaurant                          10.46 USD

2015-02-23 * "Chichipotle" "Eating out "
  Liabilities:US:Chase:Slate                       -54.35 USD
  Expenses:Food:Restaurant                          54.35 USD

2015-02-25 * "Metro Transport Authority" "Tram tickets"
  Liabilities:US:Chase:Slate                      -120.00 USD
  Expenses:Transport:Tram                          120.00 USD

2015-02-28 * "Jewel of Morroco" "Eating out after work"
  Liabilities:US:Chase:Slate                       -25.19 USD
  Expenses:Food:Restaurant                          25.19 USD

2015-03-02 * "Chichipotle" "Eating out with Natasha"
  Liabilities:US:Chase:Slate                       -59.04 USD
  Expenses:Food:Restaurant                          59.04 USD

2015-03-02 * "Onion Market" "Buying groceries"
  Liabilities:US:Chase:Slate                      -119.28 USD
  Expenses:Food:Groceries                          119.28 USD

2015-03-07 * "Rose Flower" "Eating out with Joe"
  Liabilities:US:Chase:Slate                       -32.40 USD
  Expenses:Food:Restaurant                          32.40 USD

2015-03-09 * "Uncle Boons" "Eating out with work buddies"
  Liabilities:US:Chase:Slate                       -43.98 USD
  Expenses:Food:Restaurant                          43.98 USD

2015-03-09 * "Chase:Slate" "Paying off credit card"
  Liabilities:US:Chase:Slate                       575.67 USD
  Assets:US:BofA:Checking                         -575.67 USD

2015-03-10 * "Rose Flower" "Eating out with Bill"
  Liabilities:US:Chase:Slate                       -30.37 USD
  Expenses:Food:Restaurant                          30.37 USD

2015-03-15 * "Rose Flower" "Eating out with Natasha"
  Liabilities:US:Chase:Slate                       -23.92 USD
  Expenses:Food:Restaurant                          23.92 USD

2015-03-16 * "Goba Goba" "Eating out with work buddies"
  Liabilities:US:Chase:Slate                       -26.54 USD
  Expenses:Food:Restaurant                          26.54 USD

2015-03-17 balance Liabilities:US:Chase:Slate      -80.83 USD

2015-03-19 * "Kin Soy" "Eating out with work buddies"
  Liabilities:US:Chase:Slate                       -37.89 USD
  Expenses:Food:Restaurant                          37.89 USD

2015-03-19 * "Good Moods Market" "Buying groceries"
  Liabilities:US:Chase:Slate                       -99.62 USD
  Expenses:Food:Groceries                           99.62 USD

2015-03-21 * "Goba Goba" "Eating out "
  Liabilities:US:Chase:Slate                       -48.55 USD
  Expenses:Food:Restaurant                          48.55 USD

2015-03-24 * "Cafe Modagor" "Eating out after work"
  Liabilities:US:Chase:Slate                       -22.54 USD
  Expenses:Food:Restaurant                          22.54 USD

2015-03-27 * "Metro Transport Authority" "Tram tickets"
  Liabilities:US:Chase:Slate                      -120.00 USD
  Expenses:Transport:Tram                          120.00 USD

2015-03-28 * "Jewel of Morroco" "Eating out with Julie"
  Liabilities:US:Chase:Slate                       -16.09 USD
  Expenses:Food:Restaurant                          16.09 USD

2015-04-02 * "Chichipotle" "Eating out "
  Liabilities:US:Chase:Slate                       -20.27 USD
  Expenses:Food:Restaurant                          20.27 USD

2015-04-06 * "China Garden" "Eating out after work"
  Liabilities:US:Chase:Slate                       -24.07 USD
  Expenses:Food:Restaurant                          24.07 USD

2015-04-07 balance Liabilities:US:Chase:Slate     -469.86 USD

2015-04-07 * "Corner Deli" "Buying groceries"
  Liabilities:US:Chase:Slate                       -46.33 USD
  Expenses:Food:Groceries                           46.33 USD

2015-04-09 * "Chase:Slate" "Paying off credit card"
  Liabilities:US:Chase:Slate                       564.37 USD
  Assets:US:BofA:Checking                         -564.37 USD

2015-04-10 * "Jewel of Morroco" "Eating out with Joe"
  Liabilities:US:Chase:Slate                       -48.18 USD
  Expenses:Food:Restaurant                          48.18 USD

2015-04-11 * "Goba Goba" "Eating out with Joe"
  Liabilities:US:Chase:Slate                       -34.99 USD
  Expenses:Food:Restaurant                          34.99 USD

2015-04-15 * "Chichipotle" "Eating out with Joe"
  Liabilities:US:Chase:Slate                       -20.60 USD
  Expenses:Food:Restaurant                          20.60 USD

2015-04-20 * "Chichipotle" "Eating out alone"
  Liabilities:US:Chase:Slate                       -28.67 USD
  Expenses:Food:Restaurant                          28.67 USD

2015-04-22 * "Good Moods Market" "Buying groceries"
  Liabilities:US:Chase:Slate                       -94.28 USD
  Expenses:Food:Groceries                           94.28 USD

2015-04-24 * "Jewel of Morroco" "Eating out after work"
  Liabilities:US:Chase:Slate                       -15.76 USD
  Expenses:Food:Restaurant                          15.76 USD

2015-04-26 * "Metro Transport Authority" "Tram tickets"
  Liabilities:US:Chase:Slate                      -120.00 USD
  Expenses:Transport:Tram                          120.00 USD

2015-04-27 * "Good Moods Market" "Buying groceries"
  Liabilities:US:Chase:Slate                       -78.14 USD
  Expenses:Food:Groceries                           78.14 USD

2015-04-29 balance Liabilities:US:Chase:Slate     -392.44 USD

2015-04-29 * "Kin Soy" "Eating out with Joe"
  Liabilities:US:Chase:Slate                       -56.34 USD
  Expenses:Food:Restaurant                          56.34 USD

2015-05-01 * "Chichipotle" "Eating out with work buddies"
  Liabilities:US:Chase:Slate                       -34.49 USD
  Expenses:Food:Restaurant                          34.49 USD

2015-05-06 * "Kin Soy" "Eating out with Julie"
  Liabilities:US:Chase:Slate                       -31.56 USD
  Expenses:Food:Restaurant                          31.56 USD

2015-05-09 * "Uncle Boons" "Eating out with Natasha"
  Liabilities:US:Chase:Slate                       -17.41 USD
  Expenses:Food:Restaurant                          17.41 USD

2015-05-09 * "Chase:Slate" "Paying off credit card"
  Liabilities:US:Chase:Slate                       532.24 USD
  Assets:US:BofA:Checking                         -532.24 USD

2015-05-13 * "Cafe Modagor" "Eating out after work"
  Liabilities:US:Chase:Slate                       -24.57 USD
  Expenses:Food:Restaurant                          24.57 USD

2015-05-15 * "Good Moods Market" "Buying groceries"
  Liabilities:US:Chase:Slate                      -104.09 USD
  Expenses:Food:Groceries                          104.09 USD

2015-05-18 * "Kin Soy" "Eating out with Natasha"
  Liabilities:US:Chase:Slate                       -35.08 USD
  Expenses:Food:Restaurant                          35.08 USD

2015-05-22 * "Jewel of Morroco" "Eating out with Julie"
  Liabilities:US:Chase:Slate                       -50.74 USD
  Expenses:Food:Restaurant                          50.74 USD

2015-05-24 * "Metro Transport Authority" "Tram tickets"
  Liabilities:US:Chase:Slate                      -120.00 USD
  Expenses:Transport:Tram                          120.00 USD

2015-05-26 * "Uncle Boons" "Eating out after work"
  Liabilities:US:Chase:Slate                       -19.20 USD
  Expenses:Food:Restaurant                          19.20 USD

2015-05-27 balance Liabilities:US:Chase:Slate     -353.68 USD

2015-05-31 * "Rose Flower" "Eating out "
  Liabilities:US:Chase:Slate                       -20.80 USD
  Expenses:Food:Restaurant                          20.80 USD

2015-06-02 * "China Garden" "Eating out with work buddies"
  Liabilities:US:Chase:Slate                       -16.25 USD
  Expenses:Food:Restaurant                          16.25 USD

2015-06-02 * "Good Moods Market" "Buying groceries"
  Liabilities:US:Chase:Slate                       -83.56 USD
  Expenses:Food:Groceries                           83.56 USD

2015-06-04 * "Kin Soy" "Eating out alone"
  Liabilities:US:Chase:Slate                       -17.42 USD
  Expenses:Food:Restaurant                          17.42 USD

2015-06-06 * "Chichipotle" "Eating out with work buddies"
  Liabilities:US:Chase:Slate                       -15.37 USD
  Expenses:Food:Restaurant                          15.37 USD

2015-06-07 * "Chase:Slate" "Paying off credit card"
  Liabilities:US:Chase:Slate                       524.52 USD
  Assets:US:BofA:Checking                         -524.52 USD

2015-06-11 * "Goba Goba" "Eating out with Bill"
  Liabilities:US:Chase:Slate                       -17.44 USD
  Expenses:Food:Restaurant                          17.44 USD

2015-06-15 * "China Garden" "Eating out with Julie"
  Liabilities:US:Chase:Slate                       -43.53 USD
  Expenses:Food:Restaurant                          43.53 USD

2015-06-17 * "Farmer Fresh" "Buying groceries"
  Liabilities:US:Chase:Slate                       -57.61 USD
  Expenses:Food:Groceries                           57.61 USD

2015-06-18 * "Cafe Modagor" "Eating out with Natasha"
  Liabilities:US:Chase:Slate                       -23.70 USD
  Expenses:Food:Restaurant                          23.70 USD

2015-06-21 * "China Garden" "Eating out with Joe"
  Liabilities:US:Chase:Slate                       -25.45 USD
  Expenses:Food:Restaurant                          25.45 USD

2015-06-21 * "Metro Transport Authority" "Tram tickets"
  Liabilities:US:Chase:Slate                      -120.00 USD
  Expenses:Transport:Tram                          120.00 USD

2015-06-24 balance Liabilities:US:Chase:Slate     -270.29 USD

2015-06-26 * "China Garden" "Eating out with Joe"
  Liabilities:US:Chase:Slate                       -47.19 USD
  Expenses:Food:Restaurant                          47.19 USD

2015-06-27 * "Kin Soy" "Eating out with Natasha"
  Liabilities:US:Chase:Slate                       -32.68 USD
  Expenses:Food:Restaurant                          32.68 USD

2015-06-29 * "Kin Soy" "Eating out with Bill"
  Liabilities:US:Chase:Slate                       -25.22 USD
  Expenses:Food:Restaurant                          25.22 USD

2015-07-03 * "Rose Flower" "Eating out "
  Liabilities:US:Chase:Slate                       -15.33 USD
  Expenses:Food:Restaurant                          15.33 USD

2015-07-04 * "Chichipotle" "Eating out alone"
  Liabilities:US:Chase:Slate                       -24.63 USD
  Expenses:Food:Restaurant                          24.63 USD

2015-07-05 * "Farmer Fresh" "Buying groceries"
  Liabilities:US:Chase:Slate                       -86.50 USD
  Expenses:Food:Groceries                           86.50 USD

2015-07-08 * "Chichipotle" "Eating out after work"
  Liabilities:US:Chase:Slate                       -19.07 USD
  Expenses:Food:Restaurant                          19.07 USD

2015-07-11 * "Chase:Slate" "Paying off credit card"
  Liabilities:US:Chase:Slate                       557.53 USD
  Assets:US:BofA:Checking                         -557.53 USD

2015-07-13 * "Kin Soy" "Eating out alone"
  Liabilities:US:Chase:Slate                       -36.62 USD
  Expenses:Food:Restaurant                          36.62 USD

2015-07-15 * "Jewel of Morroco" "Eating out "
  Liabilities:US:Chase:Slate                       -16.94 USD
  Expenses:Food:Restaurant                          16.94 USD

2015-07-16 * "Farmer Fresh" "Buying groceries"
  Liabilities:US:Chase:Slate                      -108.91 USD
  Expenses:Food:Groceries                          108.91 USD

2015-07-19 * "Rose Flower" "Eating out after work"
  Liabilities:US:Chase:Slate                       -26.81 USD
  Expenses:Food:Restaurant                          26.81 USD

2015-07-20 balance Liabilities:US:Chase:Slate     -152.66 USD

2015-07-21 * "Metro Transport Authority" "Tram tickets"
  Liabilities:US:Chase:Slate                      -120.00 USD
  Expenses:Transport:Tram                          120.00 USD

2015-07-22 * "Goba Goba" "Eating out alone"
  Liabilities:US:Chase:Slate                       -18.68 USD
  Expenses:Food:Restaurant                          18.68 USD

2015-07-27 * "Rose Flower" "Eating out with Natasha"
  Liabilities:US:Chase:Slate                       -25.07 USD
  Expenses:Food:Restaurant                          25.07 USD

2015-07-30 * "Farmer Fresh" "Buying groceries"
  Liabilities:US:Chase:Slate                       -96.26 USD
  Expenses:Food:Groceries                           96.26 USD

2015-08-01 * "Goba Goba" "Eating out with Natasha"
  Liabilities:US:Chase:Slate                       -18.50 USD
  Expenses:Food:Restaurant                          18.50 USD

2015-08-03 * "Jewel of Morroco" "Eating out "
  Liabilities:US:Chase:Slate                       -47.57 USD
  Expenses:Food:Restaurant                          47.57 USD

2015-08-08 * "Goba Goba" "Eating out after work"
  Liabilities:US:Chase:Slate                       -19.68 USD
  Expenses:Food:Restaurant                          19.68 USD

2015-08-09 * "Chichipotle" "Eating out with Julie"
  Liabilities:US:Chase:Slate                       -35.50 USD
  Expenses:Food:Restaurant                          35.50 USD

2015-08-10 * "Corner Deli" "Buying groceries"
  Liabilities:US:Chase:Slate                      -123.43 USD
  Expenses:Food:Groceries                          123.43 USD

2015-08-10 * "Chase:Slate" "Paying off credit card"
  Liabilities:US:Chase:Slate                       657.35 USD
  Assets:US:BofA:Checking                         -657.35 USD

2015-08-12 * "Rose Flower" "Eating out with Natasha"
  Liabilities:US:Chase:Slate                       -24.65 USD
  Expenses:Food:Restaurant                          24.65 USD

2015-08-14 balance Liabilities:US:Chase:Slate      -24.65 USD

2015-08-15 * "China Garden" "Eating out alone"
  Liabilities:US:Chase:Slate                       -50.55 USD
  Expenses:Food:Restaurant                          50.55 USD

2015-08-16 * "Jewel of Morroco" "Eating out "
  Liabilities:US:Chase:Slate                       -56.07 USD
  Expenses:Food:Restaurant                          56.07 USD

2015-08-17 * "Goba Goba" "Eating out with Natasha"
  Liabilities:US:Chase:Slate                       -29.23 USD
  Expenses:Food:Restaurant                          29.23 USD

2015-08-18 * "Metro Transport Authority" "Tram tickets"
  Liabilities:US:Chase:Slate                      -120.00 USD
  Expenses:Transport:Tram                          120.00 USD

2015-08-20 * "Jewel of Morroco" "Eating out alone"
  Liabilities:US:Chase:Slate                       -38.11 USD
  Expenses:Food:Restaurant                          38.11 USD

2015-08-24 * "Jewel of Morroco" "Eating out with Natasha"
  Liabilities:US:Chase:Slate                       -27.12 USD
  Expenses:Food:Restaurant                          27.12 USD

2015-08-27 * "Cafe Modagor" "Eating out with work buddies"
  Liabilities:US:Chase:Slate                       -18.02 USD
  Expenses:Food:Restaurant                          18.02 USD

2015-08-30 * "China Garden" "Eating out with Joe"
  Liabilities:US:Chase:Slate                       -32.53 USD
  Expenses:Food:Restaurant                          32.53 USD

2015-08-30 * "Onion Market" "Buying groceries"
  Liabilities:US:Chase:Slate                       -58.65 USD
  Expenses:Food:Groceries                           58.65 USD

2015-09-03 * "Jewel of Morroco" "Eating out after work"
  Liabilities:US:Chase:Slate                       -21.21 USD
  Expenses:Food:Restaurant                          21.21 USD

2015-09-05 * "Good Moods Market" "Buying groceries"
  Liabilities:US:Chase:Slate                       -99.08 USD
  Expenses:Food:Groceries                           99.08 USD

2015-09-06 * "Chichipotle" "Eating out with Julie"
  Liabilities:US:Chase:Slate                       -57.06 USD
  Expenses:Food:Restaurant                          57.06 USD

2015-09-07 balance Liabilities:US:Chase:Slate     -632.28 USD

2015-09-09 * "Jewel of Morroco" "Eating out with Bill"
  Liabilities:US:Chase:Slate                       -42.54 USD
  Expenses:Food:Restaurant                          42.54 USD

2015-09-11 * "Chase:Slate" "Paying off credit card"
  Liabilities:US:Chase:Slate                       693.45 USD
  Assets:US:BofA:Checking                         -693.45 USD

2015-09-13 * "Goba Goba" "Eating out with Joe"
  Liabilities:US:Chase:Slate                       -18.63 USD
  Expenses:Food:Restaurant                          18.63 USD

2015-09-15 * "Cafe Modagor" "Eating out with Bill"
  Liabilities:US:Chase:Slate                       -27.24 USD
  Expenses:Food:Restaurant                          27.24 USD

2015-09-16 * "Metro Transport Authority" "Tram tickets"
  Liabilities:US:Chase:Slate                      -120.00 USD
  Expenses:Transport:Tram                          120.00 USD

2015-09-18 * "Farmer Fresh" "Buying groceries"
  Liabilities:US:Chase:Slate                       -74.35 USD
  Expenses:Food:Groceries                           74.35 USD

2015-09-20 * "Kin Soy" "Eating out with Julie"
  Liabilities:US:Chase:Slate                       -28.24 USD
  Expenses:Food:Restaurant                          28.24 USD

2015-09-23 * "Rose Flower" "Eating out with Natasha"
  Liabilities:US:Chase:Slate                       -19.38 USD
  Expenses:Food:Restaurant                          19.38 USD

2015-09-27 * "Cafe Modagor" "Eating out alone"
  Liabilities:US:Chase:Slate                       -20.59 USD
  Expenses:Food:Restaurant                          20.59 USD

2015-09-30 * "Cafe Modagor" "Eating out with Bill"
  Liabilities:US:Chase:Slate                       -18.85 USD
  Expenses:Food:Restaurant                          18.85 USD

2015-10-01 balance Liabilities:US:Chase:Slate     -308.65 USD

2015-10-04 * "Chichipotle" "Eating out with Bill"
  Liabilities:US:Chase:Slate                       -50.36 USD
  Expenses:Food:Restaurant                          50.36 USD

2015-10-07 * "Uncle Boons" "Eating out "
  Liabilities:US:Chase:Slate                       -15.28 USD
  Expenses:Food:Restaurant                          15.28 USD

2015-10-08 * "Corner Deli" "Buying groceries"
  Liabilities:US:Chase:Slate                       -71.43 USD
  Expenses:Food:Groceries                           71.43 USD

2015-10-09 * "Jewel of Morroco" "Eating out with Bill"
  Liabilities:US:Chase:Slate                       -34.92 USD
  Expenses:Food:Restaurant                          34.92 USD

2015-10-09 * "Chase:Slate" "Paying off credit card"
  Liabilities:US:Chase:Slate                       480.64 USD
  Assets:US:BofA:Checking                         -480.64 USD

2015-10-13 * "Jewel of Morroco" "Eating out alone"
  Liabilities:US:Chase:Slate                       -18.64 USD
  Expenses:Food:Restaurant                          18.64 USD

2015-10-15 * "Jewel of Morroco" "Eating out with Bill"
  Liabilities:US:Chase:Slate                       -28.06 USD
  Expenses:Food:Restaurant                          28.06 USD

2015-10-17 * "Uncle Boons" "Eating out with Natasha"
  Liabilities:US:Chase:Slate                       -22.41 USD
  Expenses:Food:Restaurant                          22.41 USD

2015-10-19 * "Metro Transport Authority" "Tram tickets"
  Liabilities:US:Chase:Slate                      -120.00 USD
  Expenses:Transport:Tram                          120.00 USD

2015-10-20 * "Jewel of Morroco" "Eating out "
  Liabilities:US:Chase:Slate                       -27.17 USD
  Expenses:Food:Restaurant                          27.17 USD

2015-10-24 * "Kin Soy" "Eating out alone"
  Liabilities:US:Chase:Slate                       -28.81 USD
  Expenses:Food:Restaurant                          28.81 USD

2015-10-26 * "Corner Deli" "Buying groceries"
  Liabilities:US:Chase:Slate                       -54.04 USD
  Expenses:Food:Groceries                           54.04 USD

2015-10-27 balance Liabilities:US:Chase:Slate     -299.13 USD

2015-10-27 * "Rose Flower" "Eating out with Bill"
  Liabilities:US:Chase:Slate                       -29.08 USD
  Expenses:Food:Restaurant                          29.08 USD

2015-10-28 * "Rose Flower" "Eating out with Bill"
  Liabilities:US:Chase:Slate                       -25.91 USD
  Expenses:Food:Restaurant                          25.91 USD

2015-11-02 * "Rose Flower" "Eating out with Joe"
  Liabilities:US:Chase:Slate                       -43.94 USD
  Expenses:Food:Restaurant                          43.94 USD

2015-11-04 * "Uncle Boons" "Eating out "
  Liabilities:US:Chase:Slate                       -37.41 USD
  Expenses:Food:Restaurant                          37.41 USD

2015-11-06 * "Chichipotle" "Eating out with Julie"
  Liabilities:US:Chase:Slate                       -16.45 USD
  Expenses:Food:Restaurant                          16.45 USD

2015-11-07 * "Chichipotle" "Eating out "
  Liabilities:US:Chase:Slate                       -39.94 USD
  Expenses:Food:Restaurant                          39.94 USD

2015-11-08 event "location" "Boston"

2015-11-09 * "Chase:Slate" "Paying off credit card"
  Liabilities:US:Chase:Slate                       519.41 USD
  Assets:US:BofA:Checking                         -519.41 USD

2015-11-10 * "Starbucks" "" #trip-boston-2015
  Liabilities:US:Chase:Slate                        -5.20 USD
  Expenses:Food:Coffee                               5.20 USD

2015-11-11 * "Legal Seafood" "" #trip-boston-2015
  Liabilities:US:Chase:Slate                       -42.07 USD
  Expenses:Food:Restaurant                          42.07 USD

2015-11-12 * "Franklin Cafe" "" #trip-boston-2015
  Liabilities:US:Chase:Slate                       -33.85 USD
  Expenses:Food:Restaurant                          33.85 USD

2015-11-12 * "Starbucks" "" #trip-boston-2015
  Liabilities:US:Chase:Slate                        -6.18 USD
  Expenses:Food:Coffee                               6.18 USD

2015-11-14 * "Starbucks" "" #trip-boston-2015
  Liabilities:US:Chase:Slate                        -6.84 USD
  Expenses:Food:Coffee                               6.84 USD

2015-11-15 * "Franklin Cafe" "" #trip-boston-2015
  Liabilities:US:Chase:Slate                       -29.03 USD
  Expenses:Food:Restaurant                          29.03 USD

2015-11-18 * "Giacomo's Restaurant" "" #trip-boston-2015
  Liabilities:US:Chase:Slate                       -36.63 USD
  Expenses:Food:Restaurant                          36.63 USD

2015-11-18 * "Legal Seafood" "" #trip-boston-2015
  Liabilities:US:Chase:Slate                       -36.12 USD
  Expenses:Food:Restaurant                          36.12 USD

2015-11-19 * "Legal Seafood" "" #trip-boston-2015
  Liabilities:US:Chase:Slate                       -38.73 USD
  Expenses:Food:Restaurant                          38.73 USD

2015-11-20 * "Legal Seafood" "" #trip-boston-2015
  Liabilities:US:Chase:Slate                       -33.83 USD
  Expenses:Food:Restaurant                          33.83 USD

2015-11-21 * "Giacomo's Restaurant" "" #trip-boston-2015
  Liabilities:US:Chase:Slate                       -47.91 USD
  Expenses:Food:Restaurant                          47.91 USD

2015-11-22 * "Legal Seafood" "" #trip-boston-2015
  Liabilities:US:Chase:Slate                       -36.28 USD
  Expenses:Food:Restaurant                          36.28 USD

2015-11-23 * "Legal Seafood" "" #trip-boston-2015
  Liabilities:US:Chase:Slate                       -28.89 USD
  Expenses:Food:Restaurant                          28.89 USD

2015-11-23 * "Franklin Cafe" "" #trip-boston-2015
  Liabilities:US:Chase:Slate                       -29.13 USD
  Expenses:Food:Restaurant                          29.13 USD

2015-11-24 * "Goba Goba" "Eating out with Natasha"
  Liabilities:US:Chase:Slate                       -27.55 USD
  Expenses:Food:Restaurant                          27.55 USD

2015-11-24 * "Franklin Cafe" "" #trip-boston-2015
  Liabilities:US:Chase:Slate                       -31.75 USD
  Expenses:Food:Restaurant                          31.75 USD

2015-11-24 * "Consume vacation days"
  Assets:US:BayBook:Vacation                         -128 VACHR
  Expenses:Vacation                                   128 VACHR

2015-11-24 event "location" "New Metropolis"

2015-11-26 balance Liabilities:US:Chase:Slate     -442.44 USD

2015-11-27 * "Cafe Modagor" "Eating out after work"
  Liabilities:US:Chase:Slate                       -38.42 USD
  Expenses:Food:Restaurant                          38.42 USD

2015-11-28 * "Cafe Modagor" "Eating out "
  Liabilities:US:Chase:Slate                       -19.18 USD
  Expenses:Food:Restaurant                          19.18 USD

2015-11-29 * "China Garden" "Eating out "
  Liabilities:US:Chase:Slate                       -26.12 USD
  Expenses:Food:Restaurant                          26.12 USD

2015-12-01 * "Rose Flower" "Eating out with Julie"
  Liabilities:US:Chase:Slate                       -16.77 USD
  Expenses:Food:Restaurant                          16.77 USD

2015-12-04 * "Farmer Fresh" "Buying groceries"
  Liabilities:US:Chase:Slate                       -85.32 USD
  Expenses:Food:Groceries                           85.32 USD

2015-12-05 * "Cafe Modagor" "Eating out with work buddies"
  Liabilities:US:Chase:Slate                       -23.31 USD
  Expenses:Food:Restaurant                          23.31 USD

2015-12-06 * "Goba Goba" "Eating out "
  Liabilities:US:Chase:Slate                       -37.79 USD
  Expenses:Food:Restaurant                          37.79 USD

2015-12-10 * "Goba Goba" "Eating out with work buddies"
  Liabilities:US:Chase:Slate                       -30.16 USD
  Expenses:Food:Restaurant                          30.16 USD

2015-12-10 * "Chase:Slate" "Paying off credit card"
  Liabilities:US:Chase:Slate                       277.07 USD
  Assets:US:BofA:Checking                         -277.07 USD

2015-12-11 * "Uncle Boons" "Eating out "
  Liabilities:US:Chase:Slate                       -20.01 USD
  Expenses:Food:Restaurant                          20.01 USD

2015-12-12 * "Jewel of Morroco" "Eating out after work"
  Liabilities:US:Chase:Slate                       -24.68 USD
  Expenses:Food:Restaurant                          24.68 USD

2015-12-16 * "Metro Transport Authority" "Tram tickets"
  Liabilities:US:Chase:Slate                      -120.00 USD
  Expenses:Transport:Tram                          120.00 USD

2015-12-17 balance Liabilities:US:Chase:Slate     -607.13 USD

2015-12-17 * "Kin Soy" "Eating out with work buddies"
  Liabilities:US:Chase:Slate                       -23.73 USD
  Expenses:Food:Restaurant                          23.73 USD

2015-12-18 * "Onion Market" "Buying groceries"
  Liabilities:US:Chase:Slate                       -67.89 USD
  Expenses:Food:Groceries                           67.89 USD

2015-12-22 * "Cafe Modagor" "Eating out with Natasha"
  Liabilities:US:Chase:Slate                       -11.13 USD
  Expenses:Food:Restaurant                          11.13 USD

2015-12-26 * "Uncle Boons" "Eating out with Bill"
  Liabilities:US:Chase:Slate                       -16.10 USD
  Expenses:Food:Restaurant                          16.10 USD

2015-12-30 * "Onion Market" "Buying groceries"
  Liabilities:US:Chase:Slate                       -77.39 USD
  Expenses:Food:Groceries                           77.39 USD

2015-12-31 * "China Garden" "Eating out after work"
  Liabilities:US:Chase:Slate                       -54.30 USD
  Expenses:Food:Restaurant                          54.30 USD

2016-01-01 * "Kin Soy" "Eating out "
  Liabilities:US:Chase:Slate                       -43.85 USD
  Expenses:Food:Restaurant                          43.85 USD

2016-01-04 * "Uncle Boons" "Eating out with Bill"
  Liabilities:US:Chase:Slate                        -7.58 USD
  Expenses:Food:Restaurant                           7.58 USD

2016-01-04 * "Corner Deli" "Buying groceries"
  Liabilities:US:Chase:Slate                      -109.05 USD
  Expenses:Food:Groceries                          109.05 USD

2016-01-09 * "Goba Goba" "Eating out with work buddies"
  Liabilities:US:Chase:Slate                       -23.85 USD
  Expenses:Food:Restaurant                          23.85 USD

2016-01-11 * "Chase:Slate" "Paying off credit card"
  Liabilities:US:Chase:Slate                       699.45 USD
  Assets:US:BofA:Checking                         -699.45 USD

2016-01-13 balance Liabilities:US:Chase:Slate     -342.55 USD

2016-01-14 * "Uncle Boons" "Eating out with Natasha"
  Liabilities:US:Chase:Slate                       -99.89 USD
  Expenses:Food:Restaurant                          99.89 USD

2016-01-17 * "Rose Flower" "Eating out after work"
  Liabilities:US:Chase:Slate                       -25.45 USD
  Expenses:Food:Restaurant                          25.45 USD

2016-01-17 * "Metro Transport Authority" "Tram tickets"
  Liabilities:US:Chase:Slate                      -120.00 USD
  Expenses:Transport:Tram                          120.00 USD

2016-01-19 * "Kin Soy" "Eating out with work buddies"
  Liabilities:US:Chase:Slate                       -35.78 USD
  Expenses:Food:Restaurant                          35.78 USD

2016-01-21 * "Good Moods Market" "Buying groceries"
  Liabilities:US:Chase:Slate                      -106.25 USD
  Expenses:Food:Groceries                          106.25 USD

2016-01-22 * "Cafe Modagor" "Eating out with Natasha"
  Liabilities:US:Chase:Slate                       -40.35 USD
  Expenses:Food:Restaurant                          40.35 USD

2016-01-27 * "Uncle Boons" "Eating out after work"
  Liabilities:US:Chase:Slate                       -38.41 USD
  Expenses:Food:Restaurant                          38.41 USD

2016-01-31 * "Rose Flower" "Eating out with Joe"
  Liabilities:US:Chase:Slate                       -36.04 USD
  Expenses:Food:Restaurant                          36.04 USD

2016-02-01 * "Chichipotle" "Eating out "
  Liabilities:US:Chase:Slate                       -65.31 USD
  Expenses:Food:Restaurant                          65.31 USD

2016-02-04 * "Farmer Fresh" "Buying groceries"
  Liabilities:US:Chase:Slate                      -103.15 USD
  Expenses:Food:Groceries                          103.15 USD

2016-02-05 * "Goba Goba" "Eating out with Bill"
  Liabilities:US:Chase:Slate                       -31.73 USD
  Expenses:Food:Restaurant                          31.73 USD

2016-02-07 * "Chase:Slate" "Paying off credit card"
  Liabilities:US:Chase:Slate                       625.99 USD
  Assets:US:BofA:Checking                         -625.99 USD

2016-02-08 * "Goba Goba" "Eating out with Bill"
  Liabilities:US:Chase:Slate                       -23.52 USD
  Expenses:Food:Restaurant                          23.52 USD

2016-02-09 * "Corner Deli" "Buying groceries"
  Liabilities:US:Chase:Slate                      -108.39 USD
  Expenses:Food:Groceries                          108.39 USD

2016-02-10 balance Liabilities:US:Chase:Slate     -550.83 USD

2016-02-12 * "Goba Goba" "Eating out with Bill"
  Liabilities:US:Chase:Slate                       -28.41 USD
  Expenses:Food:Restaurant                          28.41 USD

2016-02-13 * "Uncle Boons" "Eating out with Natasha"
  Liabilities:US:Chase:Slate                       -33.95 USD
  Expenses:Food:Restaurant                          33.95 USD

2016-02-15 * "Cafe Modagor" "Eating out with Natasha"
  Liabilities:US:Chase:Slate                       -31.55 USD
  Expenses:Food:Restaurant                          31.55 USD

2016-02-17 * "Uncle Boons" "Eating out with Julie"
  Liabilities:US:Chase:Slate                       -39.86 USD
  Expenses:Food:Restaurant                          39.86 USD

2016-02-19 * "Metro Transport Authority" "Tram tickets"
  Liabilities:US:Chase:Slate                      -120.00 USD
  Expenses:Transport:Tram                          120.00 USD

2016-02-20 * "Goba Goba" "Eating out alone"
  Liabilities:US:Chase:Slate                       -26.37 USD
  Expenses:Food:Restaurant                          26.37 USD

2016-02-22 * "Cafe Modagor" "Eating out "
  Liabilities:US:Chase:Slate                       -56.03 USD
  Expenses:Food:Restaurant                          56.03 USD

2016-02-27 * "Chichipotle" "Eating out with Julie"
  Liabilities:US:Chase:Slate                       -20.78 USD
  Expenses:Food:Restaurant                          20.78 USD

2016-02-27 * "Onion Market" "Buying groceries"
  Liabilities:US:Chase:Slate                       -74.10 USD
  Expenses:Food:Groceries                           74.10 USD

2016-02-28 * "Uncle Boons" "Eating out with Joe"
  Liabilities:US:Chase:Slate                       -50.34 USD
  Expenses:Food:Restaurant                          50.34 USD

2016-02-29 * "Jewel of Morroco" "Eating out with work buddies"
  Liabilities:US:Chase:Slate                       -21.19 USD
  Expenses:Food:Restaurant                          21.19 USD

2016-03-04 * "Goba Goba" "Eating out "
  Liabilities:US:Chase:Slate                       -20.48 USD
  Expenses:Food:Restaurant                          20.48 USD

2016-03-06 * "Good Moods Market" "Buying groceries"
  Liabilities:US:Chase:Slate                       -54.45 USD
  Expenses:Food:Groceries                           54.45 USD

2016-03-08 balance Liabilities:US:Chase:Slate    -1128.34 USD

2016-03-08 * "China Garden" "Eating out after work"
  Liabilities:US:Chase:Slate                       -24.37 USD
  Expenses:Food:Restaurant                          24.37 USD

2016-03-09 * "Goba Goba" "Eating out with Joe"
  Liabilities:US:Chase:Slate                       -32.15 USD
  Expenses:Food:Restaurant                          32.15 USD

2016-03-11 * "Chase:Slate" "Paying off credit card"
  Liabilities:US:Chase:Slate                       772.00 USD
  Assets:US:BofA:Checking                         -772.00 USD

2016-03-12 * "Rose Flower" "Eating out after work"
  Liabilities:US:Chase:Slate                       -29.58 USD
  Expenses:Food:Restaurant                          29.58 USD

2016-03-14 * "Kin Soy" "Eating out "
  Liabilities:US:Chase:Slate                       -55.30 USD
  Expenses:Food:Restaurant                          55.30 USD

2016-03-15 * "Farmer Fresh" "Buying groceries"
  Liabilities:US:Chase:Slate                      -108.77 USD
  Expenses:Food:Groceries                          108.77 USD

2016-03-17 * "Chichipotle" "Eating out "
  Liabilities:US:Chase:Slate                       -46.77 USD
  Expenses:Food:Restaurant                          46.77 USD

2016-03-18 * "Chichipotle" "Eating out "
  Liabilities:US:Chase:Slate                       -27.78 USD
  Expenses:Food:Restaurant                          27.78 USD

2016-03-19 * "Metro Transport Authority" "Tram tickets"
  Liabilities:US:Chase:Slate                      -120.00 USD
  Expenses:Transport:Tram                          120.00 USD

2016-03-23 * "Goba Goba" "Eating out after work"
  Liabilities:US:Chase:Slate                       -22.43 USD
  Expenses:Food:Restaurant                          22.43 USD

2016-03-26 event "location" "Los Angeles"

2016-03-27 * "Mr. Marcel" "" #trip-los-angeles-2016
  Liabilities:US:Chase:Slate                       -45.84 USD
  Expenses:Food:Restaurant                          45.84 USD

2016-03-27 * "Dupar's" "" #trip-los-angeles-2016
  Liabilities:US:Chase:Slate                       -28.45 USD
  Expenses:Food:Restaurant                          28.45 USD

2016-03-28 * "Banana Leaf" "" #trip-los-angeles-2016
  Liabilities:US:Chase:Slate                       -26.08 USD
  Expenses:Food:Restaurant                          26.08 USD

2016-03-28 * "E.B.'s Beer and Wine" "" #trip-los-angeles-2016
  Liabilities:US:Chase:Slate                       -10.61 USD
  Expenses:Food:Alcohol                             10.61 USD

2016-03-29 * "Mr. Marcel" "" #trip-los-angeles-2016
  Liabilities:US:Chase:Slate                       -30.76 USD
  Expenses:Food:Restaurant                          30.76 USD

2016-03-29 * "Starbucks" "" #trip-los-angeles-2016
  Liabilities:US:Chase:Slate                        -6.50 USD
  Expenses:Food:Coffee                               6.50 USD

2016-03-30 * "Banana Leaf" "" #trip-los-angeles-2016
  Liabilities:US:Chase:Slate                       -24.43 USD
  Expenses:Food:Restaurant                          24.43 USD

2016-03-30 * "Chipotle" "" #trip-los-angeles-2016
  Liabilities:US:Chase:Slate                       -17.71 USD
  Expenses:Food:Restaurant                          17.71 USD

2016-03-30 * "E.B.'s Beer and Wine" "" #trip-los-angeles-2016
  Liabilities:US:Chase:Slate                       -10.70 USD
  Expenses:Food:Alcohol                             10.70 USD

2016-03-31 * "Mr. Marcel" "" #trip-los-angeles-2016
  Liabilities:US:Chase:Slate                       -35.02 USD
  Expenses:Food:Restaurant                          35.02 USD

2016-03-31 * "Banana Leaf" "" #trip-los-angeles-2016
  Liabilities:US:Chase:Slate                       -24.94 USD
  Expenses:Food:Restaurant                          24.94 USD

2016-03-31 * "Starbucks" "" #trip-los-angeles-2016
  Liabilities:US:Chase:Slate                        -5.86 USD
  Expenses:Food:Coffee                               5.86 USD

2016-04-01 * "Chipotle" "" #trip-los-angeles-2016
  Liabilities:US:Chase:Slate                       -17.49 USD
  Expenses:Food:Restaurant                          17.49 USD

2016-04-01 * "E.B.'s Beer and Wine" "" #trip-los-angeles-2016
  Liabilities:US:Chase:Slate                        -9.65 USD
  Expenses:Food:Alcohol                              9.65 USD

2016-04-02 * "Mr. Marcel" "" #trip-los-angeles-2016
  Liabilities:US:Chase:Slate                       -47.80 USD
  Expenses:Food:Restaurant                          47.80 USD

2016-04-02 * "Dupar's" "" #trip-los-angeles-2016
  Liabilities:US:Chase:Slate                       -29.87 USD
  Expenses:Food:Restaurant                          29.87 USD

2016-04-02 * "Pampas Grill" "" #trip-los-angeles-2016
  Liabilities:US:Chase:Slate                       -23.04 USD
  Expenses:Food:Restaurant                          23.04 USD

2016-04-03 * "Banana Leaf" "" #trip-los-angeles-2016
  Liabilities:US:Chase:Slate                       -24.43 USD
  Expenses:Food:Restaurant                          24.43 USD

2016-04-03 * "Starbucks" "" #trip-los-angeles-2016
  Liabilities:US:Chase:Slate                        -5.66 USD
  Expenses:Food:Coffee                               5.66 USD

2016-04-04 * "E.B.'s Beer and Wine" "" #trip-los-angeles-2016
  Liabilities:US:Chase:Slate                       -10.53 USD
  Expenses:Food:Alcohol                             10.53 USD

2016-04-05 * "E.B.'s Beer and Wine" "" #trip-los-angeles-2016
  Liabilities:US:Chase:Slate                        -9.56 USD
  Expenses:Food:Alcohol                              9.56 USD

2016-04-06 * "Chipotle" "" #trip-los-angeles-2016
  Liabilities:US:Chase:Slate                       -18.77 USD
  Expenses:Food:Restaurant                          18.77 USD

2016-04-07 balance Liabilities:US:Chase:Slate    -1287.19 USD

2016-04-07 * "Banana Leaf" "" #trip-los-angeles-2016
  Liabilities:US:Chase:Slate                       -24.34 USD
  Expenses:Food:Restaurant                          24.34 USD

2016-04-07 * "Dupar's" "" #trip-los-angeles-2016
  Liabilities:US:Chase:Slate                       -29.41 USD
  Expenses:Food:Restaurant                          29.41 USD

2016-04-07 * "Starbucks" "" #trip-los-angeles-2016
  Liabilities:US:Chase:Slate                        -5.85 USD
  Expenses:Food:Coffee                               5.85 USD

2016-04-07 * "E.B.'s Beer and Wine" "" #trip-los-angeles-2016
  Liabilities:US:Chase:Slate                        -9.44 USD
  Expenses:Food:Alcohol                              9.44 USD

2016-04-08 * "Pampas Grill" "" #trip-los-angeles-2016
  Liabilities:US:Chase:Slate                       -26.67 USD
  Expenses:Food:Restaurant                          26.67 USD

2016-04-08 * "Chase:Slate" "Paying off credit card"
  Liabilities:US:Chase:Slate                       428.47 USD
  Assets:US:BofA:Checking                         -428.47 USD

2016-04-09 * "Mr. Marcel" "" #trip-los-angeles-2016
  Liabilities:US:Chase:Slate                       -52.69 USD
  Expenses:Food:Restaurant                          52.69 USD

2016-04-09 * "Banana Leaf" "" #trip-los-angeles-2016
  Liabilities:US:Chase:Slate                       -26.11 USD
  Expenses:Food:Restaurant                          26.11 USD

2016-04-09 * "Dupar's" "" #trip-los-angeles-2016
  Liabilities:US:Chase:Slate                       -28.77 USD
  Expenses:Food:Restaurant                          28.77 USD

2016-04-10 * "Mr. Marcel" "" #trip-los-angeles-2016
  Liabilities:US:Chase:Slate                       -62.26 USD
  Expenses:Food:Restaurant                          62.26 USD

2016-04-10 * "Dupar's" "" #trip-los-angeles-2016
  Liabilities:US:Chase:Slate                       -27.39 USD
  Expenses:Food:Restaurant                          27.39 USD

2016-04-10 * "Starbucks" "" #trip-los-angeles-2016
  Liabilities:US:Chase:Slate                        -6.37 USD
  Expenses:Food:Coffee                               6.37 USD

2016-04-11 * "Dupar's" "" #trip-los-angeles-2016
  Liabilities:US:Chase:Slate                       -32.21 USD
  Expenses:Food:Restaurant                          32.21 USD

2016-04-11 * "Pampas Grill" "" #trip-los-angeles-2016
  Liabilities:US:Chase:Slate                       -27.21 USD
  Expenses:Food:Restaurant                          27.21 USD

2016-04-11 * "Starbucks" "" #trip-los-angeles-2016
  Liabilities:US:Chase:Slate                        -5.34 USD
  Expenses:Food:Coffee                               5.34 USD

2016-04-12 * "Mr. Marcel" "" #trip-los-angeles-2016
  Liabilities:US:Chase:Slate                       -47.26 USD
  Expenses:Food:Restaurant                          47.26 USD

2016-04-12 * "Banana Leaf" "" #trip-los-angeles-2016
  Liabilities:US:Chase:Slate                       -26.03 USD
  Expenses:Food:Restaurant                          26.03 USD

2016-04-12 * "E.B.'s Beer and Wine" "" #trip-los-angeles-2016
  Liabilities:US:Chase:Slate                       -10.61 USD
  Expenses:Food:Alcohol                             10.61 USD

2016-04-13 * "Mr. Marcel" "" #trip-los-angeles-2016
  Liabilities:US:Chase:Slate                       -30.11 USD
  Expenses:Food:Restaurant                          30.11 USD

2016-04-13 * "Dupar's" "" #trip-los-angeles-2016
  Liabilities:US:Chase:Slate                       -27.10 USD
  Expenses:Food:Restaurant                          27.10 USD

2016-04-15 * "Pampas Grill" "" #trip-los-angeles-2016
  Liabilities:US:Chase:Slate                       -20.09 USD
  Expenses:Food:Restaurant                          20.09 USD

2016-04-15 * "Starbucks" "" #trip-los-angeles-2016
  Liabilities:US:Chase:Slate                        -6.38 USD
  Expenses:Food:Coffee                               6.38 USD

2016-04-16 * "Mr. Marcel" "" #trip-los-angeles-2016
  Liabilities:US:Chase:Slate                       -39.15 USD
  Expenses:Food:Restaurant                          39.15 USD

2016-04-16 * "Chipotle" "" #trip-los-angeles-2016
  Liabilities:US:Chase:Slate                       -15.23 USD
  Expenses:Food:Restaurant                          15.23 USD

2016-04-16 * "Starbucks" "" #trip-los-angeles-2016
  Liabilities:US:Chase:Slate                        -6.25 USD
  Expenses:Food:Coffee                               6.25 USD

2016-04-17 * "Chichipotle" "Eating out with Natasha"
  Liabilities:US:Chase:Slate                       -47.42 USD
  Expenses:Food:Restaurant                          47.42 USD

2016-04-17 * "Pampas Grill" "" #trip-los-angeles-2016
  Liabilities:US:Chase:Slate                       -15.90 USD
  Expenses:Food:Restaurant                          15.90 USD

2016-04-17 * "E.B.'s Beer and Wine" "" #trip-los-angeles-2016
  Liabilities:US:Chase:Slate                        -8.98 USD
  Expenses:Food:Alcohol                              8.98 USD

2016-04-17 * "Consume vacation days"
  Assets:US:BayBook:Vacation                         -176 VACHR
  Expenses:Vacation                                   176 VACHR

2016-04-17 event "location" "New Metropolis"

2016-04-18 * "Cafe Modagor" "Eating out with Bill"
  Liabilities:US:Chase:Slate                       -34.47 USD
  Expenses:Food:Restaurant                          34.47 USD

2016-04-19 * "Good Moods Market" "Buying groceries"
  Liabilities:US:Chase:Slate                      -101.08 USD
  Expenses:Food:Groceries                          101.08 USD

2016-04-22 * "Kin Soy" "Eating out with Joe"
  Liabilities:US:Chase:Slate                       -23.27 USD
  Expenses:Food:Restaurant                          23.27 USD

2016-04-26 * "Uncle Boons" "Eating out "
  Liabilities:US:Chase:Slate                       -53.87 USD
  Expenses:Food:Restaurant                          53.87 USD

2016-04-28 * "Uncle Boons" "Eating out with Natasha"
  Liabilities:US:Chase:Slate                       -17.40 USD
  Expenses:Food:Restaurant                          17.40 USD

2016-05-02 * "Uncle Boons" "Eating out with Natasha"
  Liabilities:US:Chase:Slate                       -21.43 USD
  Expenses:Food:Restaurant                          21.43 USD

2016-05-04 balance Liabilities:US:Chase:Slate    -1774.81 USD

2016-05-05 * "China Garden" "Eating out with work buddies"
  Liabilities:US:Chase:Slate                       -28.32 USD
  Expenses:Food:Restaurant                          28.32 USD

2016-05-08 * "Chichipotle" "Eating out "
  Liabilities:US:Chase:Slate                       -32.49 USD
  Expenses:Food:Restaurant                          32.49 USD

2016-05-09 * "Farmer Fresh" "Buying groceries"
  Liabilities:US:Chase:Slate                      -110.81 USD
  Expenses:Food:Groceries                          110.81 USD

2016-05-11 * "Chase:Slate" "Paying off credit card"
  Liabilities:US:Chase:Slate                       494.46 USD
  Assets:US:BofA:Checking                         -494.46 USD

2016-05-13 * "Uncle Boons" "Eating out with Bill"
  Liabilities:US:Chase:Slate                       -71.32 USD
  Expenses:Food:Restaurant                          71.32 USD

2016-05-16 * "Chichipotle" "Eating out after work"
  Liabilities:US:Chase:Slate                       -21.98 USD
  Expenses:Food:Restaurant                          21.98 USD

2016-05-16 * "Metro Transport Authority" "Tram tickets"
  Liabilities:US:Chase:Slate                      -120.00 USD
  Expenses:Transport:Tram                          120.00 USD

2016-05-19 * "Farmer Fresh" "Buying groceries"
  Liabilities:US:Chase:Slate                      -100.79 USD
  Expenses:Food:Groceries                          100.79 USD

2016-05-21 * "Goba Goba" "Eating out with Natasha"
  Liabilities:US:Chase:Slate                       -31.29 USD
  Expenses:Food:Restaurant                          31.29 USD

2016-05-25 * "Kin Soy" "Eating out with Joe"
  Liabilities:US:Chase:Slate                       -70.43 USD
  Expenses:Food:Restaurant                          70.43 USD

2016-05-28 * "Kin Soy" "Eating out with work buddies"
  Liabilities:US:Chase:Slate                       -23.23 USD
  Expenses:Food:Restaurant                          23.23 USD

2016-05-29 * "Rose Flower" "Eating out with Joe"
  Liabilities:US:Chase:Slate                       -19.33 USD
  Expenses:Food:Restaurant                          19.33 USD

2016-05-31 * "Onion Market" "Buying groceries"
  Liabilities:US:Chase:Slate                      -138.30 USD
  Expenses:Food:Groceries                          138.30 USD

2016-06-02 balance Liabilities:US:Chase:Slate    -2048.64 USD

2016-06-02 * "Jewel of Morroco" "Eating out after work"
  Liabilities:US:Chase:Slate                       -29.59 USD
  Expenses:Food:Restaurant                          29.59 USD

2016-06-06 * "Rose Flower" "Eating out with Julie"
  Liabilities:US:Chase:Slate                       -37.39 USD
  Expenses:Food:Restaurant                          37.39 USD

2016-06-08 * "Chase:Slate" "Paying off credit card"
  Liabilities:US:Chase:Slate                       616.38 USD
  Assets:US:BofA:Checking                         -616.38 USD

2016-06-10 * "Jewel of Morroco" "Eating out alone"
  Liabilities:US:Chase:Slate                       -24.05 USD
  Expenses:Food:Restaurant                          24.05 USD

2016-06-14 * "Uncle Boons" "Eating out with Julie"
  Liabilities:US:Chase:Slate                       -33.64 USD
  Expenses:Food:Restaurant                          33.64 USD

2016-06-15 * "Metro Transport Authority" "Tram tickets"
  Liabilities:US:Chase:Slate                      -120.00 USD
  Expenses:Transport:Tram                          120.00 USD

2016-06-18 * "Jewel of Morroco" "Eating out after work"
  Liabilities:US:Chase:Slate                       -33.15 USD
  Expenses:Food:Restaurant                          33.15 USD

2016-06-18 * "Farmer Fresh" "Buying groceries"
  Liabilities:US:Chase:Slate                       -69.15 USD
  Expenses:Food:Groceries                           69.15 USD

2016-06-22 * "Chichipotle" "Eating out "
  Liabilities:US:Chase:Slate                       -30.26 USD
  Expenses:Food:Restaurant                          30.26 USD

2016-06-23 * "Kin Soy" "Eating out with Natasha"
  Liabilities:US:Chase:Slate                       -55.49 USD
  Expenses:Food:Restaurant                          55.49 USD

2016-06-24 * "Chichipotle" "Eating out with Joe"
  Liabilities:US:Chase:Slate                       -46.83 USD
  Expenses:Food:Restaurant                          46.83 USD

2016-06-25 balance Liabilities:US:Chase:Slate    -1911.81 USD

2016-06-26 * "Rose Flower" "Eating out with Bill"
  Liabilities:US:Chase:Slate                       -27.39 USD
  Expenses:Food:Restaurant                          27.39 USD

2016-06-28 * "Goba Goba" "Eating out alone"
  Liabilities:US:Chase:Slate                       -25.64 USD
  Expenses:Food:Restaurant                          25.64 USD

2016-07-01 * "Jewel of Morroco" "Eating out with work buddies"
  Liabilities:US:Chase:Slate                       -19.28 USD
  Expenses:Food:Restaurant                          19.28 USD

2016-07-02 * "Goba Goba" "Eating out with Bill"
  Liabilities:US:Chase:Slate                       -31.50 USD
  Expenses:Food:Restaurant                          31.50 USD

2016-07-04 * "Corner Deli" "Buying groceries"
  Liabilities:US:Chase:Slate                       -72.67 USD
  Expenses:Food:Groceries                           72.67 USD

2016-07-06 * "Chichipotle" "Eating out alone"
  Liabilities:US:Chase:Slate                       -17.94 USD
  Expenses:Food:Restaurant                          17.94 USD

2016-07-07 * "China Garden" "Eating out with Julie"
  Liabilities:US:Chase:Slate                       -40.37 USD
  Expenses:Food:Restaurant                          40.37 USD

2016-07-10 * "Chase:Slate" "Paying off credit card"
  Liabilities:US:Chase:Slate                       640.80 USD
  Assets:US:BofA:Checking                         -640.80 USD

2016-07-11 * "Goba Goba" "Eating out with Joe"
  Liabilities:US:Chase:Slate                       -17.49 USD
  Expenses:Food:Restaurant                          17.49 USD

2016-07-16 * "Chichipotle" "Eating out with Joe"
  Liabilities:US:Chase:Slate                       -41.19 USD
  Expenses:Food:Restaurant                          41.19 USD

2016-07-16 * "Metro Transport Authority" "Tram tickets"
  Liabilities:US:Chase:Slate                      -120.00 USD
  Expenses:Transport:Tram                          120.00 USD

2016-07-19 * "Cafe Modagor" "Eating out "
  Liabilities:US:Chase:Slate                       -69.58 USD
  Expenses:Food:Restaurant                          69.58 USD

2016-07-23 * "Goba Goba" "Eating out "
  Liabilities:US:Chase:Slate                       -12.52 USD
  Expenses:Food:Restaurant                          12.52 USD

2016-07-23 * "Onion Market" "Buying groceries"
  Liabilities:US:Chase:Slate                       -89.97 USD
  Expenses:Food:Groceries                           89.97 USD

2016-07-24 balance Liabilities:US:Chase:Slate    -1856.55 USD

2016-07-26 * "China Garden" "Eating out with Julie"
  Liabilities:US:Chase:Slate                       -50.66 USD
  Expenses:Food:Restaurant                          50.66 USD

2016-07-29 * "Chichipotle" "Eating out with Bill"
  Liabilities:US:Chase:Slate                       -53.12 USD
  Expenses:Food:Restaurant                          53.12 USD

2016-08-02 * "Cafe Modagor" "Eating out with Julie"
  Liabilities:US:Chase:Slate                       -16.94 USD
  Expenses:Food:Restaurant                          16.94 USD

2016-08-04 * "Jewel of Morroco" "Eating out "
  Liabilities:US:Chase:Slate                       -22.61 USD
  Expenses:Food:Restaurant                          22.61 USD

2016-08-07 * "Corner Deli" "Buying groceries"
  Liabilities:US:Chase:Slate                       -80.76 USD
  Expenses:Food:Groceries                           80.76 USD

2016-08-08 * "Cafe Modagor" "Eating out after work"
  Liabilities:US:Chase:Slate                       -30.71 USD
  Expenses:Food:Restaurant                          30.71 USD

2016-08-09 * "Goba Goba" "Eating out with Julie"
  Liabilities:US:Chase:Slate                       -33.74 USD
  Expenses:Food:Restaurant                          33.74 USD

2016-08-09 * "Chase:Slate" "Paying off credit card"
  Liabilities:US:Chase:Slate                       621.80 USD
  Assets:US:BofA:Checking                         -621.80 USD

2016-08-14 * "Rose Flower" "Eating out with Julie"
  Liabilities:US:Chase:Slate                        -9.56 USD
  Expenses:Food:Restaurant                           9.56 USD

2016-08-16 * "Metro Transport Authority" "Tram tickets"
  Liabilities:US:Chase:Slate                      -120.00 USD
  Expenses:Transport:Tram                          120.00 USD

2016-08-17 * "Kin Soy" "Eating out with Bill"
  Liabilities:US:Chase:Slate                       -38.97 USD
  Expenses:Food:Restaurant                          38.97 USD

2016-08-22 * "Jewel of Morroco" "Eating out with work buddies"
  Liabilities:US:Chase:Slate                       -12.26 USD
  Expenses:Food:Restaurant                          12.26 USD

2016-08-23 balance Liabilities:US:Chase:Slate    -1704.08 USD

2016-08-27 * "Uncle Boons" "Eating out with Julie"
  Liabilities:US:Chase:Slate                       -27.52 USD
  Expenses:Food:Restaurant                          27.52 USD

2016-08-27 * "Onion Market" "Buying groceries"
  Liabilities:US:Chase:Slate                       -97.60 USD
  Expenses:Food:Groceries                           97.60 USD

2016-08-28 * "Goba Goba" "Eating out with Joe"
  Liabilities:US:Chase:Slate                       -44.53 USD
  Expenses:Food:Restaurant                          44.53 USD

2016-09-01 * "Kin Soy" "Eating out alone"
  Liabilities:US:Chase:Slate                       -31.40 USD
  Expenses:Food:Restaurant                          31.40 USD

2016-09-06 * "Goba Goba" "Eating out with Bill"
  Liabilities:US:Chase:Slate                       -19.43 USD
  Expenses:Food:Restaurant                          19.43 USD

2016-09-10 * "Goba Goba" "Eating out with Bill"
  Liabilities:US:Chase:Slate                       -64.14 USD
  Expenses:Food:Restaurant                          64.14 USD

2016-09-10 * "Chase:Slate" "Paying off credit card"
  Liabilities:US:Chase:Slate                       465.41 USD
  Assets:US:BofA:Checking                         -465.41 USD

2016-09-11 * "Onion Market" "Buying groceries"
  Liabilities:US:Chase:Slate                       -80.33 USD
  Expenses:Food:Groceries                           80.33 USD

2016-09-14 * "Kin Soy" "Eating out with work buddies"
  Liabilities:US:Chase:Slate                       -31.59 USD
  Expenses:Food:Restaurant                          31.59 USD

2016-09-15 * "Metro Transport Authority" "Tram tickets"
  Liabilities:US:Chase:Slate                      -120.00 USD
  Expenses:Transport:Tram                          120.00 USD

2016-09-16 balance Liabilities:US:Chase:Slate    -1755.21 USD

2016-09-18 * "Jewel of Morroco" "Eating out after work"
  Liabilities:US:Chase:Slate                       -22.62 USD
  Expenses:Food:Restaurant                          22.62 USD

2016-09-19 * "Jewel of Morroco" "Eating out after work"
  Liabilities:US:Chase:Slate                       -31.00 USD
  Expenses:Food:Restaurant                          31.00 USD

2016-09-22 * "Cafe Modagor" "Eating out with work buddies"
  Liabilities:US:Chase:Slate                       -19.74 USD
  Expenses:Food:Restaurant                          19.74 USD

2016-09-22 * "Good Moods Market" "Buying groceries"
  Liabilities:US:Chase:Slate                      -121.28 USD
  Expenses:Food:Groceries                          121.28 USD

2016-09-25 * "Kin Soy" "Eating out with work buddies"
  Liabilities:US:Chase:Slate                       -22.75 USD
  Expenses:Food:Restaurant                          22.75 USD

2016-09-29 * "Goba Goba" "Eating out with Natasha"
  Liabilities:US:Chase:Slate                       -47.21 USD
  Expenses:Food:Restaurant                          47.21 USD

2016-10-02 * "Corner Deli" "Buying groceries"
  Liabilities:US:Chase:Slate                       -62.63 USD
  Expenses:Food:Groceries                           62.63 USD

2016-10-04 * "China Garden" "Eating out with Joe"
  Liabilities:US:Chase:Slate                       -66.23 USD
  Expenses:Food:Restaurant                          66.23 USD

2016-10-06 balance Liabilities:US:Chase:Slate    -2148.67 USD

2016-10-06 * "China Garden" "Eating out after work"
  Liabilities:US:Chase:Slate                       -26.32 USD
  Expenses:Food:Restaurant                          26.32 USD

2016-10-10 * "Chase:Slate" "Paying off credit card"
  Liabilities:US:Chase:Slate                       720.16 USD
  Assets:US:BofA:Checking                         -720.16 USD

2016-10-11 * "Jewel of Morroco" "Eating out with Julie"
  Liabilities:US:Chase:Slate                       -68.46 USD
  Expenses:Food:Restaurant                          68.46 USD

2016-10-12 * "Cafe Modagor" "Eating out with Natasha"
  Liabilities:US:Chase:Slate                       -83.44 USD
  Expenses:Food:Restaurant                          83.44 USD

2016-10-13 * "Metro Transport Authority" "Tram tickets"
  Liabilities:US:Chase:Slate                      -120.00 USD
  Expenses:Transport:Tram                          120.00 USD

2016-10-14 * "Goba Goba" "Eating out with Joe"
  Liabilities:US:Chase:Slate                       -21.78 USD
  Expenses:Food:Restaurant                          21.78 USD

2016-10-15 * "Cafe Modagor" "Eating out with Julie"
  Liabilities:US:Chase:Slate                       -46.22 USD
  Expenses:Food:Restaurant                          46.22 USD

2016-10-16 * "Cafe Modagor" "Eating out with Natasha"
  Liabilities:US:Chase:Slate                       -26.26 USD
  Expenses:Food:Restaurant                          26.26 USD

2016-10-16 * "Onion Market" "Buying groceries"
  Liabilities:US:Chase:Slate                      -103.65 USD
  Expenses:Food:Groceries                          103.65 USD

2016-10-19 * "Jewel of Morroco" "Eating out with Joe"
  Liabilities:US:Chase:Slate                       -51.41 USD
  Expenses:Food:Restaurant                          51.41 USD

2016-10-20 * "Uncle Boons" "Eating out "
  Liabilities:US:Chase:Slate                       -38.32 USD
  Expenses:Food:Restaurant                          38.32 USD

2016-10-23 * "China Garden" "Eating out with Joe"
  Liabilities:US:Chase:Slate                       -47.00 USD
  Expenses:Food:Restaurant                          47.00 USD

2016-10-28 * "Cafe Modagor" "Eating out after work"
  Liabilities:US:Chase:Slate                       -56.25 USD
  Expenses:Food:Restaurant                          56.25 USD

2016-10-30 * "Farmer Fresh" "Buying groceries"
  Liabilities:US:Chase:Slate                       -69.04 USD
  Expenses:Food:Groceries                           69.04 USD

2016-11-01 balance Liabilities:US:Chase:Slate    -2186.66 USD

2016-11-01 * "Uncle Boons" "Eating out after work"
  Liabilities:US:Chase:Slate                       -33.66 USD
  Expenses:Food:Restaurant                          33.66 USD

2016-11-04 * "Uncle Boons" "Eating out with work buddies"
  Liabilities:US:Chase:Slate                       -35.62 USD
  Expenses:Food:Restaurant                          35.62 USD

2016-11-07 * "Kin Soy" "Eating out with Joe"
  Liabilities:US:Chase:Slate                       -22.15 USD
  Expenses:Food:Restaurant                          22.15 USD

2016-11-07 * "Chase:Slate" "Paying off credit card"
  Liabilities:US:Chase:Slate                       754.80 USD
  Assets:US:BofA:Checking                         -754.80 USD

2016-11-08 * "Uncle Boons" "Eating out with Joe"
  Liabilities:US:Chase:Slate                       -39.27 USD
  Expenses:Food:Restaurant                          39.27 USD

2016-11-12 * "Metro Transport Authority" "Tram tickets"
  Liabilities:US:Chase:Slate                      -120.00 USD
  Expenses:Transport:Tram                          120.00 USD

2016-11-13 * "Rose Flower" "Eating out with Natasha"
  Liabilities:US:Chase:Slate                       -35.51 USD
  Expenses:Food:Restaurant                          35.51 USD

2016-11-14 * "Farmer Fresh" "Buying groceries"
  Liabilities:US:Chase:Slate                       -82.80 USD
  Expenses:Food:Groceries                           82.80 USD

2016-11-17 * "Jewel of Morroco" "Eating out after work"
  Liabilities:US:Chase:Slate                       -41.15 USD
  Expenses:Food:Restaurant                          41.15 USD

2016-11-20 * "Jewel of Morroco" "Eating out "
  Liabilities:US:Chase:Slate                       -30.69 USD
  Expenses:Food:Restaurant                          30.69 USD

2016-11-21 * "Cafe Modagor" "Eating out after work"
  Liabilities:US:Chase:Slate                       -53.93 USD
  Expenses:Food:Restaurant                          53.93 USD

2016-11-22 balance Liabilities:US:Chase:Slate    -1926.64 USD

2016-11-24 * "Uncle Boons" "Eating out alone"
  Liabilities:US:Chase:Slate                       -44.74 USD
  Expenses:Food:Restaurant                          44.74 USD

2016-11-25 * "Farmer Fresh" "Buying groceries"
  Liabilities:US:Chase:Slate                       -77.99 USD
  Expenses:Food:Groceries                           77.99 USD

2016-11-28 * "Rose Flower" "Eating out with Julie"
  Liabilities:US:Chase:Slate                       -46.68 USD
  Expenses:Food:Restaurant                          46.68 USD

2016-12-01 * "China Garden" "Eating out with Bill"
  Liabilities:US:Chase:Slate                       -57.49 USD
  Expenses:Food:Restaurant                          57.49 USD

2016-12-03 * "Goba Goba" "Eating out with work buddies"
  Liabilities:US:Chase:Slate                       -39.41 USD
  Expenses:Food:Restaurant                          39.41 USD

2016-12-06 * "China Garden" "Eating out "
  Liabilities:US:Chase:Slate                       -48.34 USD
  Expenses:Food:Restaurant                          48.34 USD

2016-12-09 * "Chase:Slate" "Paying off credit card"
  Liabilities:US:Chase:Slate                       740.50 USD
  Assets:US:BofA:Checking                         -740.50 USD

2016-12-10 * "Uncle Boons" "Eating out with Natasha"
  Liabilities:US:Chase:Slate                       -22.50 USD
  Expenses:Food:Restaurant                          22.50 USD

2016-12-11 * "Corner Deli" "Buying groceries"
  Liabilities:US:Chase:Slate                       -71.35 USD
  Expenses:Food:Groceries                           71.35 USD

2016-12-12 * "China Garden" "Eating out with Bill"
  Liabilities:US:Chase:Slate                       -14.65 USD
  Expenses:Food:Restaurant                          14.65 USD

2016-12-12 * "Metro Transport Authority" "Tram tickets"
  Liabilities:US:Chase:Slate                      -120.00 USD
  Expenses:Transport:Tram                          120.00 USD

2016-12-15 * "Chichipotle" "Eating out "
  Liabilities:US:Chase:Slate                       -65.11 USD
  Expenses:Food:Restaurant                          65.11 USD

2016-12-17 * "Rose Flower" "Eating out with Bill"
  Liabilities:US:Chase:Slate                       -18.63 USD
  Expenses:Food:Restaurant                          18.63 USD

2016-12-19 * "Jewel of Morroco" "Eating out with Bill"
  Liabilities:US:Chase:Slate                       -45.01 USD
  Expenses:Food:Restaurant                          45.01 USD

2016-12-21 * "Kin Soy" "Eating out after work"
  Liabilities:US:Chase:Slate                       -35.40 USD
  Expenses:Food:Restaurant                          35.40 USD

2016-12-21 * "Farmer Fresh" "Buying groceries"
  Liabilities:US:Chase:Slate                       -62.68 USD
  Expenses:Food:Groceries                           62.68 USD

2016-12-22 balance Liabilities:US:Chase:Slate    -1956.12 USD

2016-12-25 * "Rose Flower" "Eating out alone"
  Liabilities:US:Chase:Slate                       -36.15 USD
  Expenses:Food:Restaurant                          36.15 USD

2016-12-28 * "Goba Goba" "Eating out "
  Liabilities:US:Chase:Slate                       -24.06 USD
  Expenses:Food:Restaurant                          24.06 USD

2016-12-31 * "Uncle Boons" "Eating out alone"
  Liabilities:US:Chase:Slate                       -66.99 USD
  Expenses:Food:Restaurant                          66.99 USD

2017-01-01 * "Goba Goba" "Eating out alone"
  Liabilities:US:Chase:Slate                       -23.43 USD
  Expenses:Food:Restaurant                          23.43 USD

2017-01-04 * "Farmer Fresh" "Buying groceries"
  Liabilities:US:Chase:Slate                      -154.56 USD
  Expenses:Food:Groceries                          154.56 USD

2017-01-06 * "Rose Flower" "Eating out with Julie"
  Liabilities:US:Chase:Slate                       -28.87 USD
  Expenses:Food:Restaurant                          28.87 USD

2017-01-08 * "Cafe Modagor" "Eating out after work"
  Liabilities:US:Chase:Slate                       -53.40 USD
  Expenses:Food:Restaurant                          53.40 USD

2017-01-09 * "Farmer Fresh" "Buying groceries"
  Liabilities:US:Chase:Slate                       -86.68 USD
  Expenses:Food:Groceries                           86.68 USD

2017-01-09 * "Chase:Slate" "Paying off credit card"
  Liabilities:US:Chase:Slate                       906.97 USD
  Assets:US:BofA:Checking                         -906.97 USD

2017-01-10 * "Metro Transport Authority" "Tram tickets"
  Liabilities:US:Chase:Slate                      -120.00 USD
  Expenses:Transport:Tram                          120.00 USD

2017-01-11 * "Jewel of Morroco" "Eating out with Joe"
  Liabilities:US:Chase:Slate                       -32.34 USD
  Expenses:Food:Restaurant                          32.34 USD

2017-01-12 balance Liabilities:US:Chase:Slate    -1675.63 USD

2017-01-12 event "location" "Boston"

2017-01-13 * "Legal Seafood" "" #trip-boston-2017
  Liabilities:US:Chase:Slate                       -24.43 USD
  Expenses:Food:Restaurant                          24.43 USD

2017-01-13 * "Starbucks" "" #trip-boston-2017
  Liabilities:US:Chase:Slate                        -6.90 USD
  Expenses:Food:Coffee                               6.90 USD

2017-01-14 * "Legal Seafood" "" #trip-boston-2017
  Liabilities:US:Chase:Slate                       -43.45 USD
  Expenses:Food:Restaurant                          43.45 USD

2017-01-16 * "Giacomo's Restaurant" "" #trip-boston-2017
  Liabilities:US:Chase:Slate                       -31.57 USD
  Expenses:Food:Restaurant                          31.57 USD

2017-01-17 * "Giacomo's Restaurant" "" #trip-boston-2017
  Liabilities:US:Chase:Slate                       -41.39 USD
  Expenses:Food:Restaurant                          41.39 USD

2017-01-17 * "Franklin Cafe" "" #trip-boston-2017
  Liabilities:US:Chase:Slate                       -26.62 USD
  Expenses:Food:Restaurant                          26.62 USD

2017-01-18 * "Giacomo's Restaurant" "" #trip-boston-2017
  Liabilities:US:Chase:Slate                       -47.56 USD
  Expenses:Food:Restaurant                          47.56 USD

2017-01-18 * "Legal Seafood" "" #trip-boston-2017
  Liabilities:US:Chase:Slate                       -38.45 USD
  Expenses:Food:Restaurant                          38.45 USD

2017-01-18 * "Starbucks" "" #trip-boston-2017
  Liabilities:US:Chase:Slate                        -5.59 USD
  Expenses:Food:Coffee                               5.59 USD

2017-01-19 * "Giacomo's Restaurant" "" #trip-boston-2017
  Liabilities:US:Chase:Slate                       -42.84 USD
  Expenses:Food:Restaurant                          42.84 USD

2017-01-20 * "Giacomo's Restaurant" "" #trip-boston-2017
  Liabilities:US:Chase:Slate                       -44.47 USD
  Expenses:Food:Restaurant                          44.47 USD

2017-01-20 * "Franklin Cafe" "" #trip-boston-2017
  Liabilities:US:Chase:Slate                       -29.77 USD
  Expenses:Food:Restaurant                          29.77 USD

2017-01-20 * "Starbucks" "" #trip-boston-2017
  Liabilities:US:Chase:Slate                        -6.43 USD
  Expenses:Food:Coffee                               6.43 USD

2017-01-21 * "Legal Seafood" "" #trip-boston-2017
  Liabilities:US:Chase:Slate                       -31.00 USD
  Expenses:Food:Restaurant                          31.00 USD

2017-01-21 * "Franklin Cafe" "" #trip-boston-2017
  Liabilities:US:Chase:Slate                       -24.75 USD
  Expenses:Food:Restaurant                          24.75 USD

2017-01-21 * "Starbucks" "" #trip-boston-2017
  Liabilities:US:Chase:Slate                        -5.57 USD
  Expenses:Food:Coffee                               5.57 USD

2017-01-22 * "Legal Seafood" "" #trip-boston-2017
  Liabilities:US:Chase:Slate                       -41.00 USD
  Expenses:Food:Restaurant                          41.00 USD

2017-01-22 * "Franklin Cafe" "" #trip-boston-2017
  Liabilities:US:Chase:Slate                       -40.80 USD
  Expenses:Food:Restaurant                          40.80 USD

2017-01-22 * "Starbucks" "" #trip-boston-2017
  Liabilities:US:Chase:Slate                        -5.51 USD
  Expenses:Food:Coffee                               5.51 USD

2017-01-23 * "Giacomo's Restaurant" "" #trip-boston-2017
  Liabilities:US:Chase:Slate                       -38.34 USD
  Expenses:Food:Restaurant                          38.34 USD

2017-01-23 * "Franklin Cafe" "" #trip-boston-2017
  Liabilities:US:Chase:Slate                       -28.50 USD
  Expenses:Food:Restaurant                          28.50 USD

2017-01-25 * "Giacomo's Restaurant" "" #trip-boston-2017
  Liabilities:US:Chase:Slate                       -40.68 USD
  Expenses:Food:Restaurant                          40.68 USD

2017-01-25 * "Franklin Cafe" "" #trip-boston-2017
  Liabilities:US:Chase:Slate                       -27.71 USD
  Expenses:Food:Restaurant                          27.71 USD

2017-01-26 * "Giacomo's Restaurant" "" #trip-boston-2017
  Liabilities:US:Chase:Slate                       -37.74 USD
  Expenses:Food:Restaurant                          37.74 USD

2017-01-26 * "Franklin Cafe" "" #trip-boston-2017
  Liabilities:US:Chase:Slate                       -35.93 USD
  Expenses:Food:Restaurant                          35.93 USD

2017-01-26 * "Starbucks" "" #trip-boston-2017
  Liabilities:US:Chase:Slate                        -5.41 USD
  Expenses:Food:Coffee                               5.41 USD

2017-01-28 * "Legal Seafood" "" #trip-boston-2017
  Liabilities:US:Chase:Slate                       -34.47 USD
  Expenses:Food:Restaurant                          34.47 USD

2017-01-29 * "Franklin Cafe" "" #trip-boston-2017
  Liabilities:US:Chase:Slate                       -37.70 USD
  Expenses:Food:Restaurant                          37.70 USD

2017-01-31 * "Legal Seafood" "" #trip-boston-2017
  Liabilities:US:Chase:Slate                       -30.45 USD
  Expenses:Food:Restaurant                          30.45 USD

2017-01-31 * "Franklin Cafe" "" #trip-boston-2017
  Liabilities:US:Chase:Slate                       -27.96 USD
  Expenses:Food:Restaurant                          27.96 USD

2017-01-31 * "Starbucks" "" #trip-boston-2017
  Liabilities:US:Chase:Slate                        -6.07 USD
  Expenses:Food:Coffee                               6.07 USD

2017-02-01 * "Giacomo's Restaurant" "" #trip-boston-2017
  Liabilities:US:Chase:Slate                       -41.54 USD
  Expenses:Food:Restaurant                          41.54 USD

2017-02-01 * "Starbucks" "" #trip-boston-2017
  Liabilities:US:Chase:Slate                        -5.18 USD
  Expenses:Food:Coffee                               5.18 USD

2017-02-01 * "Consume vacation days"
  Assets:US:BayBook:Vacation                         -160 VACHR
  Expenses:Vacation                                   160 VACHR

2017-02-01 event "location" "New Metropolis"

2017-02-02 * "China Garden" "Eating out alone"
  Liabilities:US:Chase:Slate                       -36.20 USD
  Expenses:Food:Restaurant                          36.20 USD

2017-02-05 * "Jewel of Morroco" "Eating out with Natasha"
  Liabilities:US:Chase:Slate                       -31.48 USD
  Expenses:Food:Restaurant                          31.48 USD

2017-02-07 * "Metro Transport Authority" "Tram tickets"
  Liabilities:US:Chase:Slate                      -120.00 USD
  Expenses:Transport:Tram                          120.00 USD

2017-02-09 balance Liabilities:US:Chase:Slate    -2799.09 USD

2017-02-10 * "China Garden" "Eating out with Julie"
  Liabilities:US:Chase:Slate                       -17.15 USD
  Expenses:Food:Restaurant                          17.15 USD

2017-02-11 * "Chase:Slate" "Paying off credit card"
  Liabilities:US:Chase:Slate                       387.42 USD
  Assets:US:BofA:Checking                         -387.42 USD

2017-02-12 * "Uncle Boons" "Eating out with Bill"
  Liabilities:US:Chase:Slate                       -30.25 USD
  Expenses:Food:Restaurant                          30.25 USD

2017-02-13 * "Farmer Fresh" "Buying groceries"
  Liabilities:US:Chase:Slate                      -151.58 USD
  Expenses:Food:Groceries                          151.58 USD

2017-02-15 * "Chichipotle" "Eating out "
  Liabilities:US:Chase:Slate                       -15.76 USD
  Expenses:Food:Restaurant                          15.76 USD

2017-02-18 * "Jewel of Morroco" "Eating out alone"
  Liabilities:US:Chase:Slate                       -29.97 USD
  Expenses:Food:Restaurant                          29.97 USD

2017-02-23 * "Rose Flower" "Eating out with Natasha"
  Liabilities:US:Chase:Slate                       -34.64 USD
  Expenses:Food:Restaurant                          34.64 USD

2017-02-25 * "Farmer Fresh" "Buying groceries"
  Liabilities:US:Chase:Slate                       -52.42 USD
  Expenses:Food:Groceries                           52.42 USD

2017-02-27 * "Goba Goba" "Eating out with Joe"
  Liabilities:US:Chase:Slate                       -17.44 USD
  Expenses:Food:Restaurant                          17.44 USD

2017-03-02 * "Cafe Modagor" "Eating out with Julie"
  Liabilities:US:Chase:Slate                       -21.09 USD
  Expenses:Food:Restaurant                          21.09 USD

2017-03-03 * "Jewel of Morroco" "Eating out with Natasha"
  Liabilities:US:Chase:Slate                       -14.95 USD
  Expenses:Food:Restaurant                          14.95 USD

2017-03-04 * "Uncle Boons" "Eating out with Bill"
  Liabilities:US:Chase:Slate                       -49.09 USD
  Expenses:Food:Restaurant                          49.09 USD

2017-03-06 * "Metro Transport Authority" "Tram tickets"
  Liabilities:US:Chase:Slate                      -120.00 USD
  Expenses:Transport:Tram                          120.00 USD

2017-03-08 balance Liabilities:US:Chase:Slate    -2966.01 USD

2017-03-08 * "Chase:Slate" "Paying off credit card"
  Liabilities:US:Chase:Slate                       528.12 USD
  Assets:US:BofA:Checking                         -528.12 USD

2017-03-09 * "Kin Soy" "Eating out with Natasha"
  Liabilities:US:Chase:Slate                       -21.18 USD
  Expenses:Food:Restaurant                          21.18 USD

2017-03-11 * "Corner Deli" "Buying groceries"
  Liabilities:US:Chase:Slate                       -84.79 USD
  Expenses:Food:Groceries                           84.79 USD

2017-03-12 * "China Garden" "Eating out after work"
  Liabilities:US:Chase:Slate                       -13.62 USD
  Expenses:Food:Restaurant                          13.62 USD

2017-03-14 * "Uncle Boons" "Eating out after work"
  Liabilities:US:Chase:Slate                       -19.41 USD
  Expenses:Food:Restaurant                          19.41 USD

2017-03-18 * "Chichipotle" "Eating out alone"
  Liabilities:US:Chase:Slate                       -26.87 USD
  Expenses:Food:Restaurant                          26.87 USD

2017-03-20 * "Rose Flower" "Eating out with Natasha"
  Liabilities:US:Chase:Slate                       -35.30 USD
  Expenses:Food:Restaurant                          35.30 USD

2017-03-24 * "Chichipotle" "Eating out "
  Liabilities:US:Chase:Slate                       -21.57 USD
  Expenses:Food:Restaurant                          21.57 USD

2017-03-28 balance Liabilities:US:Chase:Slate    -2660.63 USD

2017-03-29 * "Kin Soy" "Eating out after work"
  Liabilities:US:Chase:Slate                       -18.48 USD
  Expenses:Food:Restaurant                          18.48 USD

2017-03-29 * "Onion Market" "Buying groceries"
  Liabilities:US:Chase:Slate                      -100.36 USD
  Expenses:Food:Groceries                          100.36 USD

2017-04-01 * "Jewel of Morroco" "Eating out with Joe"
  Liabilities:US:Chase:Slate                       -15.98 USD
  Expenses:Food:Restaurant                          15.98 USD

2017-04-03 * "Goba Goba" "Eating out alone"
  Liabilities:US:Chase:Slate                       -19.00 USD
  Expenses:Food:Restaurant                          19.00 USD

2017-04-07 * "Jewel of Morroco" "Eating out with Natasha"
  Liabilities:US:Chase:Slate                       -34.34 USD
  Expenses:Food:Restaurant                          34.34 USD

2017-04-07 * "Farmer Fresh" "Buying groceries"
  Liabilities:US:Chase:Slate                       -82.09 USD
  Expenses:Food:Groceries                           82.09 USD

2017-04-08 * "Metro Transport Authority" "Tram tickets"
  Liabilities:US:Chase:Slate                      -120.00 USD
  Expenses:Transport:Tram                          120.00 USD

2017-04-10 * "Chase:Slate" "Paying off credit card"
  Liabilities:US:Chase:Slate                       608.74 USD
  Assets:US:BofA:Checking                         -608.74 USD

2017-04-12 * "China Garden" "Eating out "
  Liabilities:US:Chase:Slate                       -16.93 USD
  Expenses:Food:Restaurant                          16.93 USD

2017-04-14 * "Jewel of Morroco" "Eating out with Joe"
  Liabilities:US:Chase:Slate                       -21.20 USD
  Expenses:Food:Restaurant                          21.20 USD

2017-04-17 * "Uncle Boons" "Eating out with work buddies"
  Liabilities:US:Chase:Slate                       -57.03 USD
  Expenses:Food:Restaurant                          57.03 USD

2017-04-18 * "Farmer Fresh" "Buying groceries"
  Liabilities:US:Chase:Slate                       -88.71 USD
  Expenses:Food:Groceries                           88.71 USD

2017-04-20 * "Goba Goba" "Eating out with Bill"
  Liabilities:US:Chase:Slate                       -12.59 USD
  Expenses:Food:Restaurant                          12.59 USD

2017-04-24 balance Liabilities:US:Chase:Slate    -2638.60 USD

2017-04-24 * "Uncle Boons" "Eating out with Julie"
  Liabilities:US:Chase:Slate                       -30.04 USD
  Expenses:Food:Restaurant                          30.04 USD

2017-04-26 * "Rose Flower" "Eating out alone"
  Liabilities:US:Chase:Slate                       -38.30 USD
  Expenses:Food:Restaurant                          38.30 USD

2017-04-30 * "Goba Goba" "Eating out with Natasha"
  Liabilities:US:Chase:Slate                       -33.68 USD
  Expenses:Food:Restaurant                          33.68 USD

2017-05-03 * "Goba Goba" "Eating out after work"
  Liabilities:US:Chase:Slate                       -28.87 USD
  Expenses:Food:Restaurant                          28.87 USD

2017-05-04 * "Farmer Fresh" "Buying groceries"
  Liabilities:US:Chase:Slate                      -104.59 USD
  Expenses:Food:Groceries                          104.59 USD

2017-05-05 * "Metro Transport Authority" "Tram tickets"
  Liabilities:US:Chase:Slate                      -120.00 USD
  Expenses:Transport:Tram                          120.00 USD

2017-05-07 * "Chichipotle" "Eating out with Joe"
  Liabilities:US:Chase:Slate                       -39.85 USD
  Expenses:Food:Restaurant                          39.85 USD

2017-05-09 * "Chase:Slate" "Paying off credit card"
  Liabilities:US:Chase:Slate                       592.47 USD
  Assets:US:BofA:Checking                         -592.47 USD

2017-05-12 * "Rose Flower" "Eating out with Bill"
  Liabilities:US:Chase:Slate                       -17.61 USD
  Expenses:Food:Restaurant                          17.61 USD

2017-05-15 * "Jewel of Morroco" "Eating out with Julie"
  Liabilities:US:Chase:Slate                       -51.10 USD
  Expenses:Food:Restaurant                          51.10 USD

2017-05-15 * "Corner Deli" "Buying groceries"
  Liabilities:US:Chase:Slate                      -118.53 USD
  Expenses:Food:Groceries                          118.53 USD

2017-05-18 * "Jewel of Morroco" "Eating out with Bill"
  Liabilities:US:Chase:Slate                       -25.04 USD
  Expenses:Food:Restaurant                          25.04 USD

2017-05-21 balance Liabilities:US:Chase:Slate    -2653.74 USD

2017-05-23 * "Cafe Modagor" "Eating out with Natasha"
  Liabilities:US:Chase:Slate                       -21.08 USD
  Expenses:Food:Restaurant                          21.08 USD

2017-05-25 * "Kin Soy" "Eating out after work"
  Liabilities:US:Chase:Slate                       -37.72 USD
  Expenses:Food:Restaurant                          37.72 USD

2017-05-25 * "Corner Deli" "Buying groceries"
  Liabilities:US:Chase:Slate                       -81.06 USD
  Expenses:Food:Groceries                           81.06 USD

2017-05-27 * "Uncle Boons" "Eating out after work"
  Liabilities:US:Chase:Slate                       -22.55 USD
  Expenses:Food:Restaurant                          22.55 USD

2017-05-30 * "Kin Soy" "Eating out with Joe"
  Liabilities:US:Chase:Slate                       -13.42 USD
  Expenses:Food:Restaurant                          13.42 USD

2017-05-31 * "China Garden" "Eating out with Bill"
  Liabilities:US:Chase:Slate                       -19.10 USD
  Expenses:Food:Restaurant                          19.10 USD

2017-06-03 * "Kin Soy" "Eating out after work"
  Liabilities:US:Chase:Slate                       -22.24 USD
  Expenses:Food:Restaurant                          22.24 USD

2017-06-05 * "Metro Transport Authority" "Tram tickets"
  Liabilities:US:Chase:Slate                      -120.00 USD
  Expenses:Transport:Tram                          120.00 USD

2017-06-06 * "Kin Soy" "Eating out with Joe"
  Liabilities:US:Chase:Slate                       -35.46 USD
  Expenses:Food:Restaurant                          35.46 USD

2017-06-06 * "Farmer Fresh" "Buying groceries"
  Liabilities:US:Chase:Slate                       -82.96 USD
  Expenses:Food:Groceries                           82.96 USD

2017-06-07 * "Chase:Slate" "Paying off credit card"
  Liabilities:US:Chase:Slate                       688.20 USD
  Assets:US:BofA:Checking                         -688.20 USD

2017-06-09 * "China Garden" "Eating out with work buddies"
  Liabilities:US:Chase:Slate                       -37.94 USD
  Expenses:Food:Restaurant                          37.94 USD

2017-06-10 * "Kin Soy" "Eating out alone"
  Liabilities:US:Chase:Slate                       -36.09 USD
  Expenses:Food:Restaurant                          36.09 USD

2017-06-11 * "Corner Deli" "Buying groceries"
  Liabilities:US:Chase:Slate                       -58.82 USD
  Expenses:Food:Groceries                           58.82 USD

2017-06-14 * "Rose Flower" "Eating out "
  Liabilities:US:Chase:Slate                       -24.58 USD
  Expenses:Food:Restaurant                          24.58 USD

2017-06-15 balance Liabilities:US:Chase:Slate    -2578.56 USD

2017-06-17 * "Rose Flower" "Eating out with Julie"
  Liabilities:US:Chase:Slate                       -35.63 USD
  Expenses:Food:Restaurant                          35.63 USD

2017-06-20 * "China Garden" "Eating out alone"
  Liabilities:US:Chase:Slate                       -23.74 USD
  Expenses:Food:Restaurant                          23.74 USD

2017-06-21 * "China Garden" "Eating out alone"
  Liabilities:US:Chase:Slate                       -23.92 USD
  Expenses:Food:Restaurant                          23.92 USD

2017-06-21 * "Good Moods Market" "Buying groceries"
  Liabilities:US:Chase:Slate                       -76.81 USD
  Expenses:Food:Groceries                           76.81 USD

2017-06-23 * "Rose Flower" "Eating out with Joe"
  Liabilities:US:Chase:Slate                       -36.45 USD
  Expenses:Food:Restaurant                          36.45 USD

2017-06-27 * "Chichipotle" "Eating out "
  Liabilities:US:Chase:Slate                       -46.98 USD
  Expenses:Food:Restaurant                          46.98 USD

2017-06-29 * "Onion Market" "Buying groceries"
  Liabilities:US:Chase:Slate                       -98.28 USD
  Expenses:Food:Groceries                           98.28 USD

2017-06-30 * "Uncle Boons" "Eating out alone"
  Liabilities:US:Chase:Slate                       -13.77 USD
  Expenses:Food:Restaurant                          13.77 USD

2017-07-02 * "Metro Transport Authority" "Tram tickets"
  Liabilities:US:Chase:Slate                      -120.00 USD
  Expenses:Transport:Tram                          120.00 USD

2017-07-05 * "Rose Flower" "Eating out with Julie"
  Liabilities:US:Chase:Slate                       -27.86 USD
  Expenses:Food:Restaurant                          27.86 USD

2017-07-08 balance Liabilities:US:Chase:Slate    -3082.00 USD

2017-07-10 * "Kin Soy" "Eating out after work"
  Liabilities:US:Chase:Slate                       -26.73 USD
  Expenses:Food:Restaurant                          26.73 USD

2017-07-10 * "Chase:Slate" "Paying off credit card"
  Liabilities:US:Chase:Slate                       649.66 USD
  Assets:US:BofA:Checking                         -649.66 USD

2017-07-11 * "Rose Flower" "Eating out with Bill"
  Liabilities:US:Chase:Slate                       -36.94 USD
  Expenses:Food:Restaurant                          36.94 USD

2017-07-14 * "Goba Goba" "Eating out with work buddies"
  Liabilities:US:Chase:Slate                       -34.22 USD
  Expenses:Food:Restaurant                          34.22 USD

2017-07-16 event "location" "New York"

2017-07-17 * "Uncle Boons" "" #trip-new-york-2017
  Liabilities:US:Chase:Slate                       -41.41 USD
  Expenses:Food:Restaurant                          41.41 USD

2017-07-17 * "La Colombe" "" #trip-new-york-2017
  Liabilities:US:Chase:Slate                        -4.60 USD
  Expenses:Food:Coffee                               4.60 USD

2017-07-18 * "La Colombe" "" #trip-new-york-2017
  Liabilities:US:Chase:Slate                        -6.57 USD
  Expenses:Food:Coffee                               6.57 USD

2017-07-18 * "Gimme! Coffee" "" #trip-new-york-2017
  Liabilities:US:Chase:Slate                        -7.55 USD
  Expenses:Food:Coffee                               7.55 USD

2017-07-19 * "Cafe Select" "" #trip-new-york-2017
  Liabilities:US:Chase:Slate                       -31.97 USD
  Expenses:Food:Restaurant                          31.97 USD

2017-07-19 * "La Colombe" "" #trip-new-york-2017
  Liabilities:US:Chase:Slate                        -5.94 USD
  Expenses:Food:Coffee                               5.94 USD

2017-07-20 * "Cafe Select" "" #trip-new-york-2017
  Liabilities:US:Chase:Slate                       -29.50 USD
  Expenses:Food:Restaurant                          29.50 USD

2017-07-21 * "Uncle Boons" "" #trip-new-york-2017
  Liabilities:US:Chase:Slate                       -47.38 USD
  Expenses:Food:Restaurant                          47.38 USD

2017-07-21 * "Cafe Select" "" #trip-new-york-2017
  Liabilities:US:Chase:Slate                       -34.95 USD
  Expenses:Food:Restaurant                          34.95 USD

2017-07-22 * "La Colombe" "" #trip-new-york-2017
  Liabilities:US:Chase:Slate                        -5.78 USD
  Expenses:Food:Coffee                               5.78 USD

2017-07-23 * "Uncle Boons" "" #trip-new-york-2017
  Liabilities:US:Chase:Slate                       -37.09 USD
  Expenses:Food:Restaurant                          37.09 USD

2017-07-23 * "Cafe Select" "" #trip-new-york-2017
  Liabilities:US:Chase:Slate                       -23.34 USD
  Expenses:Food:Restaurant                          23.34 USD

2017-07-23 * "Laut" "" #trip-new-york-2017
  Liabilities:US:Chase:Slate                       -31.21 USD
  Expenses:Food:Restaurant                          31.21 USD

2017-07-24 * "Takahachi" "" #trip-new-york-2017
  Liabilities:US:Chase:Slate                       -52.81 USD
  Expenses:Food:Restaurant                          52.81 USD

2017-07-24 * "Laut" "" #trip-new-york-2017
  Liabilities:US:Chase:Slate                       -34.24 USD
  Expenses:Food:Restaurant                          34.24 USD

2017-07-24 * "La Colombe" "" #trip-new-york-2017
  Liabilities:US:Chase:Slate                        -5.18 USD
  Expenses:Food:Coffee                               5.18 USD

2017-07-24 * "Gimme! Coffee" "" #trip-new-york-2017
  Liabilities:US:Chase:Slate                        -6.60 USD
  Expenses:Food:Coffee                               6.60 USD

2017-07-25 * "Cafe Select" "" #trip-new-york-2017
  Liabilities:US:Chase:Slate                       -31.28 USD
  Expenses:Food:Restaurant                          31.28 USD

2017-07-25 * "Gimme! Coffee" "" #trip-new-york-2017
  Liabilities:US:Chase:Slate                        -6.78 USD
  Expenses:Food:Coffee                               6.78 USD

2017-07-26 * "Takahachi" "" #trip-new-york-2017
  Liabilities:US:Chase:Slate                       -49.02 USD
  Expenses:Food:Restaurant                          49.02 USD

2017-07-26 * "Laut" "" #trip-new-york-2017
  Liabilities:US:Chase:Slate                       -29.18 USD
  Expenses:Food:Restaurant                          29.18 USD

2017-07-27 * "Uncle Boons" "" #trip-new-york-2017
  Liabilities:US:Chase:Slate                       -36.76 USD
  Expenses:Food:Restaurant                          36.76 USD

2017-07-27 * "Takahachi" "" #trip-new-york-2017
  Liabilities:US:Chase:Slate                       -43.97 USD
  Expenses:Food:Restaurant                          43.97 USD

2017-07-28 * "Uncle Boons" "" #trip-new-york-2017
  Liabilities:US:Chase:Slate                       -38.44 USD
  Expenses:Food:Restaurant                          38.44 USD

2017-07-28 * "Cafe Select" "" #trip-new-york-2017
  Liabilities:US:Chase:Slate                       -34.99 USD
  Expenses:Food:Restaurant                          34.99 USD

2017-07-28 * "Takahachi" "" #trip-new-york-2017
  Liabilities:US:Chase:Slate                       -49.73 USD
  Expenses:Food:Restaurant                          49.73 USD

2017-07-29 * "China Garden" "Eating out with Joe"
  Liabilities:US:Chase:Slate                       -43.83 USD
  Expenses:Food:Restaurant                          43.83 USD

2017-07-29 * "Laut" "" #trip-new-york-2017
  Liabilities:US:Chase:Slate                       -38.75 USD
  Expenses:Food:Restaurant                          38.75 USD

2017-07-29 * "Consume vacation days"
  Assets:US:BayBook:Vacation                         -104 VACHR
  Expenses:Vacation                                   104 VACHR

2017-07-29 event "location" "New Metropolis"

2017-08-02 * "Metro Transport Authority" "Tram tickets"
  Liabilities:US:Chase:Slate                      -120.00 USD
  Expenses:Transport:Tram                          120.00 USD

2017-08-03 * "Chichipotle" "Eating out alone"
  Liabilities:US:Chase:Slate                       -14.43 USD
  Expenses:Food:Restaurant                          14.43 USD

2017-08-07 balance Liabilities:US:Chase:Slate    -3473.51 USD

2017-08-08 * "Cafe Modagor" "Eating out with Joe"
  Liabilities:US:Chase:Slate                       -20.33 USD
  Expenses:Food:Restaurant                          20.33 USD

2017-08-08 * "Chase:Slate" "Paying off credit card"
  Liabilities:US:Chase:Slate                       269.75 USD
  Assets:US:BofA:Checking                         -269.75 USD

2017-08-09 * "Kin Soy" "Eating out alone"
  Liabilities:US:Chase:Slate                       -17.14 USD
  Expenses:Food:Restaurant                          17.14 USD

2017-08-14 * "Goba Goba" "Eating out with Natasha"
  Liabilities:US:Chase:Slate                       -40.16 USD
  Expenses:Food:Restaurant                          40.16 USD

2017-08-15 * "Farmer Fresh" "Buying groceries"
  Liabilities:US:Chase:Slate                       -60.91 USD
  Expenses:Food:Groceries                           60.91 USD

2017-08-16 * "Chichipotle" "Eating out after work"
  Liabilities:US:Chase:Slate                       -19.49 USD
  Expenses:Food:Restaurant                          19.49 USD

2017-08-17 * "Cafe Modagor" "Eating out after work"
  Liabilities:US:Chase:Slate                       -25.12 USD
  Expenses:Food:Restaurant                          25.12 USD

2017-08-20 * "Kin Soy" "Eating out "
  Liabilities:US:Chase:Slate                       -28.82 USD
  Expenses:Food:Restaurant                          28.82 USD

2017-08-25 * "Cafe Modagor" "Eating out "
  Liabilities:US:Chase:Slate                       -17.11 USD
  Expenses:Food:Restaurant                          17.11 USD

2017-08-29 * "China Garden" "Eating out with work buddies"
  Liabilities:US:Chase:Slate                       -17.56 USD
  Expenses:Food:Restaurant                          17.56 USD

2017-09-01 * "Corner Deli" "Buying groceries"
  Liabilities:US:Chase:Slate                      -112.86 USD
  Expenses:Food:Groceries                          112.86 USD

2017-09-03 * "Chichipotle" "Eating out "
  Liabilities:US:Chase:Slate                       -47.59 USD
  Expenses:Food:Restaurant                          47.59 USD

2017-09-04 * "Kin Soy" "Eating out with Joe"
  Liabilities:US:Chase:Slate                       -28.66 USD
  Expenses:Food:Restaurant                          28.66 USD

2017-09-04 * "Metro Transport Authority" "Tram tickets"
  Liabilities:US:Chase:Slate                      -120.00 USD
  Expenses:Transport:Tram                          120.00 USD

2017-09-06 balance Liabilities:US:Chase:Slate    -3759.51 USD

2017-09-06 * "Cafe Modagor" "Eating out "
  Liabilities:US:Chase:Slate                       -47.78 USD
  Expenses:Food:Restaurant                          47.78 USD

2017-09-08 * "China Garden" "Eating out with Joe"
  Liabilities:US:Chase:Slate                       -14.41 USD
  Expenses:Food:Restaurant                          14.41 USD



* Taxable Investments

2015-01-01 open Assets:US:ETrade:Cash                       USD
2015-01-01 open Assets:US:ETrade:ITOT                       ITOT
2015-01-01 open Assets:US:ETrade:VEA                       VEA
2015-01-01 open Assets:US:ETrade:VHT                       VHT
2015-01-01 open Assets:US:ETrade:GLD                       GLD
2015-01-01 open Income:US:ETrade:Gains                      USD
2015-01-01 open Income:US:ETrade:Dividends                  USD

2015-09-18 * "Dividends on portfolio"
  Assets:US:ETrade:Cash                              0.00 USD
  Income:US:ETrade:Dividends                         0.00 USD

2015-09-20 * "Buy shares of VHT"
  Assets:US:ETrade:Cash                          -4341.10 USD
  Assets:US:ETrade:VHT                                 45 VHT {96.27 USD, 2015-09-20}
  Expenses:Financial:Commissions                     8.95 USD

2015-11-06 * "Sell shares of VHT"
  Assets:US:ETrade:VHT                                -45 VHT {96.27 USD, 2015-09-20} @ 93.77 USD
  Assets:US:ETrade:Cash                           4210.70 USD
  Expenses:Financial:Commissions                     8.95 USD
  Income:US:ETrade:Gains                           112.50 USD

2015-12-08 * "Buy shares of GLD"
  Assets:US:ETrade:Cash                          -8297.45 USD
  Assets:US:ETrade:GLD                                137 GLD {60.50 USD, 2015-12-08}
  Expenses:Financial:Commissions                     8.95 USD

2015-12-17 * "Dividends on portfolio"
  Assets:US:ETrade:Cash                             50.48 USD
  Income:US:ETrade:Dividends                       -50.48 USD

2016-01-05 * "Sell shares of GLD"
  Assets:US:ETrade:GLD                               -137 GLD {60.50 USD, 2015-12-08} @ 58.30 USD
  Assets:US:ETrade:Cash                           7978.15 USD
  Expenses:Financial:Commissions                     8.95 USD
  Income:US:ETrade:Gains                           301.40 USD

2016-01-31 * "Buy shares of GLD"
  Assets:US:ETrade:Cash                          -3965.19 USD
  Assets:US:ETrade:GLD                                 68 GLD {58.18 USD, 2016-01-31}
  Expenses:Financial:Commissions                     8.95 USD

2016-01-31 * "Buy shares of ITOT"
  Assets:US:ETrade:Cash                          -3851.47 USD
  Assets:US:ETrade:ITOT                                22 ITOT {174.66 USD, 2016-01-31}
  Expenses:Financial:Commissions                     8.95 USD

2016-02-11 * "Sell shares of ITOT"
  Assets:US:ETrade:ITOT                               -22 ITOT {174.66 USD, 2016-01-31} @ 174.24 USD
  Assets:US:ETrade:Cash                           3824.33 USD
  Expenses:Financial:Commissions                     8.95 USD
  Income:US:ETrade:Gains                             9.24 USD

2016-02-15 * "Buy shares of VHT"
  Assets:US:ETrade:Cash                          -3995.38 USD
  Assets:US:ETrade:VHT                                 41 VHT {97.23 USD, 2016-02-15}
  Expenses:Financial:Commissions                     8.95 USD

2016-03-17 * "Dividends on portfolio"
  Assets:US:ETrade:Cash                             97.62 USD
  Income:US:ETrade:Dividends                       -97.62 USD

2016-06-17 * "Dividends on portfolio"
  Assets:US:ETrade:Cash                             97.62 USD
  Income:US:ETrade:Dividends                       -97.62 USD

2016-06-28 * "Sell shares of VHT"
  Assets:US:ETrade:VHT                                -41 VHT {97.23 USD, 2016-02-15} @ 97.13 USD
  Assets:US:ETrade:Cash                           3973.38 USD
  Expenses:Financial:Commissions                     8.95 USD
  Income:US:ETrade:Gains                             4.10 USD

2016-07-04 * "Buy shares of VHT"
  Assets:US:ETrade:Cash                           -970.65 USD
  Assets:US:ETrade:VHT                                 10 VHT {96.17 USD, 2016-07-04}
  Expenses:Financial:Commissions                     8.95 USD

2016-07-04 * "Buy shares of GLD"
  Assets:US:ETrade:Cash                           -987.35 USD
  Assets:US:ETrade:GLD                                 16 GLD {61.15 USD, 2016-07-04}
  Expenses:Financial:Commissions                     8.95 USD

2016-07-04 * "Buy shares of VEA"
  Assets:US:ETrade:Cash                           -916.75 USD
  Assets:US:ETrade:VEA                                  5 VEA {181.56 USD, 2016-07-04}
  Expenses:Financial:Commissions                     8.95 USD

2016-07-04 * "Buy shares of ITOT"
  Assets:US:ETrade:Cash                           -884.85 USD
  Assets:US:ETrade:ITOT                                 5 ITOT {175.18 USD, 2016-07-04}
  Expenses:Financial:Commissions                     8.95 USD

2016-07-16 * "Sell shares of VHT"
  Assets:US:ETrade:VHT                                -10 VHT {96.17 USD, 2016-07-04} @ 93.67 USD
  Assets:US:ETrade:Cash                            927.75 USD
  Expenses:Financial:Commissions                     8.95 USD
  Income:US:ETrade:Gains                            25.00 USD

2016-07-25 * "Buy shares of GLD"
  Assets:US:ETrade:Cash                           -499.59 USD
  Assets:US:ETrade:GLD                                  8 GLD {61.33 USD, 2016-07-25}
  Expenses:Financial:Commissions                     8.95 USD

2016-07-25 * "Buy shares of VEA"
  Assets:US:ETrade:Cash                           -381.17 USD
  Assets:US:ETrade:VEA                                  2 VEA {186.11 USD, 2016-07-25}
  Expenses:Financial:Commissions                     8.95 USD

2016-08-19 * "Buy shares of ITOT"
  Assets:US:ETrade:Cash                          -1254.39 USD
  Assets:US:ETrade:ITOT                                 7 ITOT {177.92 USD, 2016-08-19}
  Expenses:Financial:Commissions                     8.95 USD

2016-08-19 * "Buy shares of VHT"
  Assets:US:ETrade:Cash                          -1391.73 USD
  Assets:US:ETrade:VHT                                 14 VHT {98.77 USD, 2016-08-19}
  Expenses:Financial:Commissions                     8.95 USD

2016-08-19 * "Buy shares of VEA"
  Assets:US:ETrade:Cash                          -1315.22 USD
  Assets:US:ETrade:VEA                                  7 VEA {186.61 USD, 2016-08-19}
  Expenses:Financial:Commissions                     8.95 USD

2016-09-17 * "Dividends on portfolio"
  Assets:US:ETrade:Cash                            131.71 USD
  Income:US:ETrade:Dividends                      -131.71 USD

2016-11-17 * "Buy shares of GLD"
  Assets:US:ETrade:Cash                          -1405.29 USD
  Assets:US:ETrade:GLD                                 22 GLD {63.47 USD, 2016-11-17}
  Expenses:Financial:Commissions                     8.95 USD

2016-11-17 * "Buy shares of VEA"
  Assets:US:ETrade:Cash                          -1372.06 USD
  Assets:US:ETrade:VEA                                  7 VEA {194.73 USD, 2016-11-17}
  Expenses:Financial:Commissions                     8.95 USD

2016-11-17 * "Buy shares of VHT"
  Assets:US:ETrade:Cash                          -1334.43 USD
  Assets:US:ETrade:VHT                                 13 VHT {101.96 USD, 2016-11-17}
  Expenses:Financial:Commissions                     8.95 USD

2016-11-26 * "Buy shares of VEA"
  Assets:US:ETrade:Cash                          -3076.95 USD
  Assets:US:ETrade:VEA                                 16 VEA {191.75 USD, 2016-11-26}
  Expenses:Financial:Commissions                     8.95 USD

2016-12-17 * "Dividends on portfolio"
  Assets:US:ETrade:Cash                            160.32 USD
  Income:US:ETrade:Dividends                      -160.32 USD

2017-03-18 * "Dividends on portfolio"
  Assets:US:ETrade:Cash                            160.32 USD
  Income:US:ETrade:Dividends                      -160.32 USD

2017-04-01 * "Sell shares of GLD"
  Assets:US:ETrade:GLD                                -68 GLD {58.18 USD, 2016-01-31} @ 72.35 USD
  Assets:US:ETrade:Cash                           4910.85 USD
  Expenses:Financial:Commissions                     8.95 USD
  Income:US:ETrade:Gains                          -963.56 USD

2017-04-07 * "Sell shares of VEA"
  Assets:US:ETrade:VEA                                -16 VEA {191.75 USD, 2016-11-26} @ 210.70 USD
  Assets:US:ETrade:Cash                           3362.25 USD
  Expenses:Financial:Commissions                     8.95 USD
  Income:US:ETrade:Gains                          -303.20 USD

2017-04-11 * "Buy shares of GLD"
  Assets:US:ETrade:Cash                          -2801.35 USD
  Assets:US:ETrade:GLD                                 39 GLD {71.60 USD, 2017-04-11}
  Expenses:Financial:Commissions                     8.95 USD

2017-04-11 * "Buy shares of ITOT"
  Assets:US:ETrade:Cash                          -2740.90 USD
  Assets:US:ETrade:ITOT                                15 ITOT {182.13 USD, 2017-04-11}
  Expenses:Financial:Commissions                     8.95 USD

2017-04-11 * "Buy shares of VEA"
  Assets:US:ETrade:Cash                          -2748.05 USD
  Assets:US:ETrade:VEA                                 13 VEA {210.70 USD, 2017-04-11}
  Expenses:Financial:Commissions                     8.95 USD

2017-06-18 * "Dividends on portfolio"
  Assets:US:ETrade:Cash                            193.37 USD
  Income:US:ETrade:Dividends                      -193.37 USD

2017-09-03 * "Sell shares of VEA"
  Assets:US:ETrade:VEA                                 -7 VEA {186.61 USD, 2016-08-19} @ 231.26 USD
  Assets:US:ETrade:Cash                           1609.87 USD
  Expenses:Financial:Commissions                     8.95 USD
  Income:US:ETrade:Gains                          -312.55 USD



* Vanguard Investments

2015-01-01 open Assets:US:Vanguard:VBMPX                     VBMPX
  number: "882882"
2015-01-01 open Assets:US:Vanguard:RGAGX                     RGAGX
  number: "882882"
2015-01-01 open Assets:US:Vanguard                            USD
  address: "P.O. Box 1110, Valley Forge, PA 19482-1110"
  institution: "Vanguard Group"
  phone: "+1.800.523.1188"
2015-01-01 open Income:US:BayBook:Match401k                   USD
2015-01-01 open Assets:US:Vanguard:Cash                       USD
  number: "882882"

2015-01-02 * "Employer match for contribution"
  Assets:US:Vanguard:Cash                          600.00 USD
  Income:US:BayBook:Match401k                     -600.00 USD

2015-01-05 * "Investing 40% of cash in VBMPX"
  Assets:US:Vanguard:VBMPX                          9.752 VBMPX {49.22 USD, 2015-01-05}
  Assets:US:Vanguard:Cash                         -479.99 USD

2015-01-05 * "Investing 60% of cash in RGAGX"
  Assets:US:Vanguard:RGAGX                         11.055 RGAGX {65.13 USD, 2015-01-05}
  Assets:US:Vanguard:Cash                         -720.01 USD

2015-01-05 * "Investing 40% of cash in VBMPX"
  Assets:US:Vanguard:VBMPX                          4.876 VBMPX {49.22 USD, 2015-01-05}
  Assets:US:Vanguard:Cash                         -240.00 USD

2015-01-05 * "Investing 60% of cash in RGAGX"
  Assets:US:Vanguard:RGAGX                          5.527 RGAGX {65.13 USD, 2015-01-05}
  Assets:US:Vanguard:Cash                         -359.97 USD

2015-01-16 * "Employer match for contribution"
  Assets:US:Vanguard:Cash                          600.00 USD
  Income:US:BayBook:Match401k                     -600.00 USD

2015-01-19 * "Investing 40% of cash in VBMPX"
  Assets:US:Vanguard:VBMPX                          9.689 VBMPX {49.54 USD, 2015-01-19}
  Assets:US:Vanguard:Cash                         -479.99 USD

2015-01-19 * "Investing 60% of cash in RGAGX"
  Assets:US:Vanguard:RGAGX                         11.142 RGAGX {64.62 USD, 2015-01-19}
  Assets:US:Vanguard:Cash                         -720.00 USD

2015-01-19 * "Investing 40% of cash in VBMPX"
  Assets:US:Vanguard:VBMPX                          4.845 VBMPX {49.54 USD, 2015-01-19}
  Assets:US:Vanguard:Cash                         -240.02 USD

2015-01-19 * "Investing 60% of cash in RGAGX"
  Assets:US:Vanguard:RGAGX                          5.571 RGAGX {64.62 USD, 2015-01-19}
  Assets:US:Vanguard:Cash                         -360.00 USD

2015-01-30 * "Employer match for contribution"
  Assets:US:Vanguard:Cash                          600.00 USD
  Income:US:BayBook:Match401k                     -600.00 USD

2015-02-02 * "Investing 40% of cash in VBMPX"
  Assets:US:Vanguard:VBMPX                          9.645 VBMPX {49.77 USD, 2015-02-02}
  Assets:US:Vanguard:Cash                         -480.03 USD

2015-02-02 * "Investing 60% of cash in RGAGX"
  Assets:US:Vanguard:RGAGX                         11.376 RGAGX {63.29 USD, 2015-02-02}
  Assets:US:Vanguard:Cash                         -719.99 USD

2015-02-02 * "Investing 40% of cash in VBMPX"
  Assets:US:Vanguard:VBMPX                          4.822 VBMPX {49.77 USD, 2015-02-02}
  Assets:US:Vanguard:Cash                         -239.99 USD

2015-02-02 * "Investing 60% of cash in RGAGX"
  Assets:US:Vanguard:RGAGX                          5.688 RGAGX {63.29 USD, 2015-02-02}
  Assets:US:Vanguard:Cash                         -359.99 USD

2015-02-13 * "Employer match for contribution"
  Assets:US:Vanguard:Cash                          600.00 USD
  Income:US:BayBook:Match401k                     -600.00 USD

2015-02-16 * "Investing 40% of cash in VBMPX"
  Assets:US:Vanguard:VBMPX                          9.639 VBMPX {49.80 USD, 2015-02-16}
  Assets:US:Vanguard:Cash                         -480.02 USD

2015-02-16 * "Investing 60% of cash in RGAGX"
  Assets:US:Vanguard:RGAGX                         10.845 RGAGX {66.39 USD, 2015-02-16}
  Assets:US:Vanguard:Cash                         -720.00 USD

2015-02-16 * "Investing 40% of cash in VBMPX"
  Assets:US:Vanguard:VBMPX                          4.819 VBMPX {49.80 USD, 2015-02-16}
  Assets:US:Vanguard:Cash                         -239.99 USD

2015-02-16 * "Investing 60% of cash in RGAGX"
  Assets:US:Vanguard:RGAGX                          5.423 RGAGX {66.39 USD, 2015-02-16}
  Assets:US:Vanguard:Cash                         -360.03 USD

2015-02-27 * "Employer match for contribution"
  Assets:US:Vanguard:Cash                          600.00 USD
  Income:US:BayBook:Match401k                     -600.00 USD

2015-03-02 * "Investing 40% of cash in VBMPX"
  Assets:US:Vanguard:VBMPX                          9.421 VBMPX {50.95 USD, 2015-03-02}
  Assets:US:Vanguard:Cash                         -480.00 USD

2015-03-02 * "Investing 60% of cash in RGAGX"
  Assets:US:Vanguard:RGAGX                         11.019 RGAGX {65.34 USD, 2015-03-02}
  Assets:US:Vanguard:Cash                         -719.98 USD

2015-03-02 * "Investing 40% of cash in VBMPX"
  Assets:US:Vanguard:VBMPX                          4.711 VBMPX {50.95 USD, 2015-03-02}
  Assets:US:Vanguard:Cash                         -240.03 USD

2015-03-02 * "Investing 60% of cash in RGAGX"
  Assets:US:Vanguard:RGAGX                          5.510 RGAGX {65.34 USD, 2015-03-02}
  Assets:US:Vanguard:Cash                         -360.02 USD

2015-03-13 * "Employer match for contribution"
  Assets:US:Vanguard:Cash                          600.00 USD
  Income:US:BayBook:Match401k                     -600.00 USD

2015-03-16 * "Investing 40% of cash in VBMPX"
  Assets:US:Vanguard:VBMPX                          9.391 VBMPX {51.11 USD, 2015-03-16}
  Assets:US:Vanguard:Cash                         -479.97 USD

2015-03-16 * "Investing 60% of cash in RGAGX"
  Assets:US:Vanguard:RGAGX                         10.655 RGAGX {67.57 USD, 2015-03-16}
  Assets:US:Vanguard:Cash                         -719.96 USD

2015-03-16 * "Investing 40% of cash in VBMPX"
  Assets:US:Vanguard:VBMPX                          4.696 VBMPX {51.11 USD, 2015-03-16}
  Assets:US:Vanguard:Cash                         -240.01 USD

2015-03-16 * "Investing 60% of cash in RGAGX"
  Assets:US:Vanguard:RGAGX                          5.328 RGAGX {67.57 USD, 2015-03-16}
  Assets:US:Vanguard:Cash                         -360.01 USD

2015-03-27 * "Employer match for contribution"
  Assets:US:Vanguard:Cash                          600.00 USD
  Income:US:BayBook:Match401k                     -600.00 USD

2015-03-30 * "Investing 40% of cash in VBMPX"
  Assets:US:Vanguard:VBMPX                          9.157 VBMPX {52.42 USD, 2015-03-30}
  Assets:US:Vanguard:Cash                         -480.01 USD

2015-03-30 * "Investing 60% of cash in RGAGX"
  Assets:US:Vanguard:RGAGX                         10.855 RGAGX {66.33 USD, 2015-03-30}
  Assets:US:Vanguard:Cash                         -720.01 USD

2015-03-30 * "Investing 40% of cash in VBMPX"
  Assets:US:Vanguard:VBMPX                          4.578 VBMPX {52.42 USD, 2015-03-30}
  Assets:US:Vanguard:Cash                         -239.98 USD

2015-03-30 * "Investing 60% of cash in RGAGX"
  Assets:US:Vanguard:RGAGX                          5.427 RGAGX {66.33 USD, 2015-03-30}
  Assets:US:Vanguard:Cash                         -359.97 USD

2015-04-10 * "Employer match for contribution"
  Assets:US:Vanguard:Cash                          600.00 USD
  Income:US:BayBook:Match401k                     -600.00 USD

2015-04-13 * "Investing 40% of cash in VBMPX"
  Assets:US:Vanguard:VBMPX                          9.143 VBMPX {52.50 USD, 2015-04-13}
  Assets:US:Vanguard:Cash                         -480.01 USD

2015-04-13 * "Investing 60% of cash in RGAGX"
  Assets:US:Vanguard:RGAGX                         10.550 RGAGX {68.25 USD, 2015-04-13}
  Assets:US:Vanguard:Cash                         -720.04 USD

2015-04-13 * "Investing 40% of cash in VBMPX"
  Assets:US:Vanguard:VBMPX                          4.571 VBMPX {52.50 USD, 2015-04-13}
  Assets:US:Vanguard:Cash                         -239.98 USD

2015-04-13 * "Investing 60% of cash in RGAGX"
  Assets:US:Vanguard:RGAGX                          5.275 RGAGX {68.25 USD, 2015-04-13}
  Assets:US:Vanguard:Cash                         -360.02 USD

2015-04-24 * "Employer match for contribution"
  Assets:US:Vanguard:Cash                          600.00 USD
  Income:US:BayBook:Match401k                     -600.00 USD

2015-04-27 * "Investing 40% of cash in VBMPX"
  Assets:US:Vanguard:VBMPX                          9.070 VBMPX {52.92 USD, 2015-04-27}
  Assets:US:Vanguard:Cash                         -479.98 USD

2015-04-27 * "Investing 60% of cash in RGAGX"
  Assets:US:Vanguard:RGAGX                         10.860 RGAGX {66.30 USD, 2015-04-27}
  Assets:US:Vanguard:Cash                         -720.02 USD

2015-04-27 * "Investing 40% of cash in VBMPX"
  Assets:US:Vanguard:VBMPX                          4.535 VBMPX {52.92 USD, 2015-04-27}
  Assets:US:Vanguard:Cash                         -239.99 USD

2015-04-27 * "Investing 60% of cash in RGAGX"
  Assets:US:Vanguard:RGAGX                          5.430 RGAGX {66.30 USD, 2015-04-27}
  Assets:US:Vanguard:Cash                         -360.01 USD

2015-05-08 * "Employer match for contribution"
  Assets:US:Vanguard:Cash                          600.00 USD
  Income:US:BayBook:Match401k                     -600.00 USD

2015-05-11 * "Investing 40% of cash in VBMPX"
  Assets:US:Vanguard:VBMPX                          9.034 VBMPX {53.13 USD, 2015-05-11}
  Assets:US:Vanguard:Cash                         -479.98 USD

2015-05-11 * "Investing 60% of cash in RGAGX"
  Assets:US:Vanguard:RGAGX                         11.024 RGAGX {65.31 USD, 2015-05-11}
  Assets:US:Vanguard:Cash                         -719.98 USD

2015-05-11 * "Investing 40% of cash in VBMPX"
  Assets:US:Vanguard:VBMPX                          4.517 VBMPX {53.13 USD, 2015-05-11}
  Assets:US:Vanguard:Cash                         -239.99 USD

2015-05-11 * "Investing 60% of cash in RGAGX"
  Assets:US:Vanguard:RGAGX                          5.512 RGAGX {65.31 USD, 2015-05-11}
  Assets:US:Vanguard:Cash                         -359.99 USD

2015-05-22 * "Employer match for contribution"
  Assets:US:Vanguard:Cash                          600.00 USD
  Income:US:BayBook:Match401k                     -600.00 USD

2015-05-25 * "Investing 40% of cash in VBMPX"
  Assets:US:Vanguard:VBMPX                          9.047 VBMPX {53.06 USD, 2015-05-25}
  Assets:US:Vanguard:Cash                         -480.03 USD

2015-05-25 * "Investing 60% of cash in RGAGX"
  Assets:US:Vanguard:RGAGX                         11.491 RGAGX {62.66 USD, 2015-05-25}
  Assets:US:Vanguard:Cash                         -720.03 USD

2015-05-25 * "Investing 40% of cash in VBMPX"
  Assets:US:Vanguard:VBMPX                          4.523 VBMPX {53.06 USD, 2015-05-25}
  Assets:US:Vanguard:Cash                         -239.99 USD

2015-05-25 * "Investing 60% of cash in RGAGX"
  Assets:US:Vanguard:RGAGX                          5.745 RGAGX {62.66 USD, 2015-05-25}
  Assets:US:Vanguard:Cash                         -359.98 USD

2015-06-05 * "Employer match for contribution"
  Assets:US:Vanguard:Cash                          600.00 USD
  Income:US:BayBook:Match401k                     -600.00 USD

2015-06-08 * "Investing 40% of cash in VBMPX"
  Assets:US:Vanguard:VBMPX                          8.967 VBMPX {53.53 USD, 2015-06-08}
  Assets:US:Vanguard:Cash                         -480.00 USD

2015-06-08 * "Investing 60% of cash in RGAGX"
  Assets:US:Vanguard:RGAGX                         10.839 RGAGX {66.43 USD, 2015-06-08}
  Assets:US:Vanguard:Cash                         -720.03 USD

2015-06-08 * "Investing 40% of cash in VBMPX"
  Assets:US:Vanguard:VBMPX                          4.483 VBMPX {53.53 USD, 2015-06-08}
  Assets:US:Vanguard:Cash                         -239.97 USD

2015-06-08 * "Investing 60% of cash in RGAGX"
  Assets:US:Vanguard:RGAGX                          5.419 RGAGX {66.43 USD, 2015-06-08}
  Assets:US:Vanguard:Cash                         -359.98 USD

2015-06-19 * "Employer match for contribution"
  Assets:US:Vanguard:Cash                          600.00 USD
  Income:US:BayBook:Match401k                     -600.00 USD

2015-06-22 * "Investing 40% of cash in VBMPX"
  Assets:US:Vanguard:VBMPX                          9.028 VBMPX {53.17 USD, 2015-06-22}
  Assets:US:Vanguard:Cash                         -480.02 USD

2015-06-22 * "Investing 60% of cash in RGAGX"
  Assets:US:Vanguard:RGAGX                         11.035 RGAGX {65.25 USD, 2015-06-22}
  Assets:US:Vanguard:Cash                         -720.03 USD

2015-06-22 * "Investing 40% of cash in VBMPX"
  Assets:US:Vanguard:VBMPX                          4.514 VBMPX {53.17 USD, 2015-06-22}
  Assets:US:Vanguard:Cash                         -240.01 USD

2015-06-22 * "Investing 60% of cash in RGAGX"
  Assets:US:Vanguard:RGAGX                          5.517 RGAGX {65.25 USD, 2015-06-22}
  Assets:US:Vanguard:Cash                         -359.98 USD

2015-07-03 * "Employer match for contribution"
  Assets:US:Vanguard:Cash                          600.00 USD
  Income:US:BayBook:Match401k                     -600.00 USD

2015-07-06 * "Investing 40% of cash in VBMPX"
  Assets:US:Vanguard:VBMPX                          9.006 VBMPX {53.30 USD, 2015-07-06}
  Assets:US:Vanguard:Cash                         -480.02 USD

2015-07-06 * "Investing 60% of cash in RGAGX"
  Assets:US:Vanguard:RGAGX                         10.959 RGAGX {65.70 USD, 2015-07-06}
  Assets:US:Vanguard:Cash                         -720.01 USD

2015-07-06 * "Investing 40% of cash in VBMPX"
  Assets:US:Vanguard:VBMPX                          4.503 VBMPX {53.30 USD, 2015-07-06}
  Assets:US:Vanguard:Cash                         -240.01 USD

2015-07-06 * "Investing 60% of cash in RGAGX"
  Assets:US:Vanguard:RGAGX                          5.479 RGAGX {65.70 USD, 2015-07-06}
  Assets:US:Vanguard:Cash                         -359.97 USD

2015-07-17 * "Employer match for contribution"
  Assets:US:Vanguard:Cash                          600.00 USD
  Income:US:BayBook:Match401k                     -600.00 USD

2015-07-20 * "Investing 40% of cash in VBMPX"
  Assets:US:Vanguard:VBMPX                          8.912 VBMPX {53.86 USD, 2015-07-20}
  Assets:US:Vanguard:Cash                         -480.00 USD

2015-07-20 * "Investing 60% of cash in RGAGX"
  Assets:US:Vanguard:RGAGX                         10.939 RGAGX {65.82 USD, 2015-07-20}
  Assets:US:Vanguard:Cash                         -720.00 USD

2015-07-20 * "Investing 40% of cash in VBMPX"
  Assets:US:Vanguard:VBMPX                          4.456 VBMPX {53.86 USD, 2015-07-20}
  Assets:US:Vanguard:Cash                         -240.00 USD

2015-07-20 * "Investing 60% of cash in RGAGX"
  Assets:US:Vanguard:RGAGX                          5.469 RGAGX {65.82 USD, 2015-07-20}
  Assets:US:Vanguard:Cash                         -359.97 USD

2016-01-15 * "Employer match for contribution"
  Assets:US:Vanguard:Cash                          600.00 USD
  Income:US:BayBook:Match401k                     -600.00 USD

2016-01-18 * "Investing 40% of cash in VBMPX"
  Assets:US:Vanguard:VBMPX                          8.140 VBMPX {58.97 USD, 2016-01-18}
  Assets:US:Vanguard:Cash                         -480.02 USD

2016-01-18 * "Investing 60% of cash in RGAGX"
  Assets:US:Vanguard:RGAGX                         10.520 RGAGX {68.44 USD, 2016-01-18}
  Assets:US:Vanguard:Cash                         -719.99 USD

2016-01-18 * "Investing 40% of cash in VBMPX"
  Assets:US:Vanguard:VBMPX                          4.070 VBMPX {58.97 USD, 2016-01-18}
  Assets:US:Vanguard:Cash                         -240.01 USD

2016-01-18 * "Investing 60% of cash in RGAGX"
  Assets:US:Vanguard:RGAGX                          5.260 RGAGX {68.44 USD, 2016-01-18}
  Assets:US:Vanguard:Cash                         -359.99 USD

2016-01-29 * "Employer match for contribution"
  Assets:US:Vanguard:Cash                          600.00 USD
  Income:US:BayBook:Match401k                     -600.00 USD

2016-02-01 * "Investing 40% of cash in VBMPX"
  Assets:US:Vanguard:VBMPX                          8.099 VBMPX {59.27 USD, 2016-02-01}
  Assets:US:Vanguard:Cash                         -480.03 USD

2016-02-01 * "Investing 60% of cash in RGAGX"
  Assets:US:Vanguard:RGAGX                         10.085 RGAGX {71.39 USD, 2016-02-01}
  Assets:US:Vanguard:Cash                         -719.97 USD

2016-02-01 * "Investing 40% of cash in VBMPX"
  Assets:US:Vanguard:VBMPX                          4.049 VBMPX {59.27 USD, 2016-02-01}
  Assets:US:Vanguard:Cash                         -239.98 USD

2016-02-01 * "Investing 60% of cash in RGAGX"
  Assets:US:Vanguard:RGAGX                          5.043 RGAGX {71.39 USD, 2016-02-01}
  Assets:US:Vanguard:Cash                         -360.02 USD

2016-02-12 * "Employer match for contribution"
  Assets:US:Vanguard:Cash                          600.00 USD
  Income:US:BayBook:Match401k                     -600.00 USD

2016-02-15 * "Investing 40% of cash in VBMPX"
  Assets:US:Vanguard:VBMPX                          8.163 VBMPX {58.80 USD, 2016-02-15}
  Assets:US:Vanguard:Cash                         -479.98 USD

2016-02-15 * "Investing 60% of cash in RGAGX"
  Assets:US:Vanguard:RGAGX                         10.061 RGAGX {71.56 USD, 2016-02-15}
  Assets:US:Vanguard:Cash                         -719.97 USD

2016-02-15 * "Investing 40% of cash in VBMPX"
  Assets:US:Vanguard:VBMPX                          4.082 VBMPX {58.80 USD, 2016-02-15}
  Assets:US:Vanguard:Cash                         -240.02 USD

2016-02-15 * "Investing 60% of cash in RGAGX"
  Assets:US:Vanguard:RGAGX                          5.031 RGAGX {71.56 USD, 2016-02-15}
  Assets:US:Vanguard:Cash                         -360.02 USD

2016-02-26 * "Employer match for contribution"
  Assets:US:Vanguard:Cash                          600.00 USD
  Income:US:BayBook:Match401k                     -600.00 USD

2016-02-29 * "Investing 40% of cash in VBMPX"
  Assets:US:Vanguard:VBMPX                          8.235 VBMPX {58.29 USD, 2016-02-29}
  Assets:US:Vanguard:Cash                         -480.02 USD

2016-02-29 * "Investing 60% of cash in RGAGX"
  Assets:US:Vanguard:RGAGX                          9.992 RGAGX {72.06 USD, 2016-02-29}
  Assets:US:Vanguard:Cash                         -720.02 USD

2016-02-29 * "Investing 40% of cash in VBMPX"
  Assets:US:Vanguard:VBMPX                          4.117 VBMPX {58.29 USD, 2016-02-29}
  Assets:US:Vanguard:Cash                         -239.98 USD

2016-02-29 * "Investing 60% of cash in RGAGX"
  Assets:US:Vanguard:RGAGX                          4.996 RGAGX {72.06 USD, 2016-02-29}
  Assets:US:Vanguard:Cash                         -360.01 USD

2016-03-11 * "Employer match for contribution"
  Assets:US:Vanguard:Cash                          600.00 USD
  Income:US:BayBook:Match401k                     -600.00 USD

2016-03-14 * "Investing 40% of cash in VBMPX"
  Assets:US:Vanguard:VBMPX                          8.183 VBMPX {58.66 USD, 2016-03-14}
  Assets:US:Vanguard:Cash                         -480.01 USD

2016-03-14 * "Investing 60% of cash in RGAGX"
  Assets:US:Vanguard:RGAGX                          9.509 RGAGX {75.72 USD, 2016-03-14}
  Assets:US:Vanguard:Cash                         -720.02 USD

2016-03-14 * "Investing 40% of cash in VBMPX"
  Assets:US:Vanguard:VBMPX                          4.091 VBMPX {58.66 USD, 2016-03-14}
  Assets:US:Vanguard:Cash                         -239.98 USD

2016-03-14 * "Investing 60% of cash in RGAGX"
  Assets:US:Vanguard:RGAGX                          4.754 RGAGX {75.72 USD, 2016-03-14}
  Assets:US:Vanguard:Cash                         -359.97 USD

2016-03-25 * "Employer match for contribution"
  Assets:US:Vanguard:Cash                          600.00 USD
  Income:US:BayBook:Match401k                     -600.00 USD

2016-03-28 * "Investing 40% of cash in VBMPX"
  Assets:US:Vanguard:VBMPX                          8.219 VBMPX {58.40 USD, 2016-03-28}
  Assets:US:Vanguard:Cash                         -479.99 USD

2016-03-28 * "Investing 60% of cash in RGAGX"
  Assets:US:Vanguard:RGAGX                          9.453 RGAGX {76.17 USD, 2016-03-28}
  Assets:US:Vanguard:Cash                         -720.04 USD

2016-03-28 * "Investing 40% of cash in VBMPX"
  Assets:US:Vanguard:VBMPX                          4.109 VBMPX {58.40 USD, 2016-03-28}
  Assets:US:Vanguard:Cash                         -239.97 USD

2016-03-28 * "Investing 60% of cash in RGAGX"
  Assets:US:Vanguard:RGAGX                          4.726 RGAGX {76.17 USD, 2016-03-28}
  Assets:US:Vanguard:Cash                         -359.98 USD

2016-04-08 * "Employer match for contribution"
  Assets:US:Vanguard:Cash                          600.00 USD
  Income:US:BayBook:Match401k                     -600.00 USD

2016-04-11 * "Investing 40% of cash in VBMPX"
  Assets:US:Vanguard:VBMPX                          8.193 VBMPX {58.59 USD, 2016-04-11}
  Assets:US:Vanguard:Cash                         -480.03 USD

2016-04-11 * "Investing 60% of cash in RGAGX"
  Assets:US:Vanguard:RGAGX                          9.295 RGAGX {77.46 USD, 2016-04-11}
  Assets:US:Vanguard:Cash                         -719.99 USD

2016-04-11 * "Investing 40% of cash in VBMPX"
  Assets:US:Vanguard:VBMPX                          4.096 VBMPX {58.59 USD, 2016-04-11}
  Assets:US:Vanguard:Cash                         -239.98 USD

2016-04-11 * "Investing 60% of cash in RGAGX"
  Assets:US:Vanguard:RGAGX                          4.648 RGAGX {77.46 USD, 2016-04-11}
  Assets:US:Vanguard:Cash                         -360.03 USD

2016-04-22 * "Employer match for contribution"
  Assets:US:Vanguard:Cash                          600.00 USD
  Income:US:BayBook:Match401k                     -600.00 USD

2016-04-25 * "Investing 40% of cash in VBMPX"
  Assets:US:Vanguard:VBMPX                          8.090 VBMPX {59.33 USD, 2016-04-25}
  Assets:US:Vanguard:Cash                         -479.98 USD

2016-04-25 * "Investing 60% of cash in RGAGX"
  Assets:US:Vanguard:RGAGX                          9.487 RGAGX {75.89 USD, 2016-04-25}
  Assets:US:Vanguard:Cash                         -719.97 USD

2016-04-25 * "Investing 40% of cash in VBMPX"
  Assets:US:Vanguard:VBMPX                          4.045 VBMPX {59.33 USD, 2016-04-25}
  Assets:US:Vanguard:Cash                         -239.99 USD

2016-04-25 * "Investing 60% of cash in RGAGX"
  Assets:US:Vanguard:RGAGX                          4.744 RGAGX {75.89 USD, 2016-04-25}
  Assets:US:Vanguard:Cash                         -360.02 USD

2016-05-06 * "Employer match for contribution"
  Assets:US:Vanguard:Cash                          600.00 USD
  Income:US:BayBook:Match401k                     -600.00 USD

2016-05-09 * "Investing 40% of cash in VBMPX"
  Assets:US:Vanguard:VBMPX                          8.082 VBMPX {59.39 USD, 2016-05-09}
  Assets:US:Vanguard:Cash                         -479.99 USD

2016-05-09 * "Investing 60% of cash in RGAGX"
  Assets:US:Vanguard:RGAGX                          9.568 RGAGX {75.25 USD, 2016-05-09}
  Assets:US:Vanguard:Cash                         -719.99 USD

2016-05-09 * "Investing 40% of cash in VBMPX"
  Assets:US:Vanguard:VBMPX                          4.041 VBMPX {59.39 USD, 2016-05-09}
  Assets:US:Vanguard:Cash                         -239.99 USD

2016-05-09 * "Investing 60% of cash in RGAGX"
  Assets:US:Vanguard:RGAGX                          4.784 RGAGX {75.25 USD, 2016-05-09}
  Assets:US:Vanguard:Cash                         -360.00 USD

2016-05-20 * "Employer match for contribution"
  Assets:US:Vanguard:Cash                          600.00 USD
  Income:US:BayBook:Match401k                     -600.00 USD

2016-05-23 * "Investing 40% of cash in VBMPX"
  Assets:US:Vanguard:VBMPX                          8.008 VBMPX {59.94 USD, 2016-05-23}
  Assets:US:Vanguard:Cash                         -480.00 USD

2016-05-23 * "Investing 60% of cash in RGAGX"
  Assets:US:Vanguard:RGAGX                          9.978 RGAGX {72.16 USD, 2016-05-23}
  Assets:US:Vanguard:Cash                         -720.01 USD

2016-05-23 * "Investing 40% of cash in VBMPX"
  Assets:US:Vanguard:VBMPX                          4.004 VBMPX {59.94 USD, 2016-05-23}
  Assets:US:Vanguard:Cash                         -240.00 USD

2016-05-23 * "Investing 60% of cash in RGAGX"
  Assets:US:Vanguard:RGAGX                          4.989 RGAGX {72.16 USD, 2016-05-23}
  Assets:US:Vanguard:Cash                         -360.01 USD

2016-06-03 * "Employer match for contribution"
  Assets:US:Vanguard:Cash                          600.00 USD
  Income:US:BayBook:Match401k                     -600.00 USD

2016-06-06 * "Investing 40% of cash in VBMPX"
  Assets:US:Vanguard:VBMPX                          7.941 VBMPX {60.45 USD, 2016-06-06}
  Assets:US:Vanguard:Cash                         -480.03 USD

2016-06-06 * "Investing 60% of cash in RGAGX"
  Assets:US:Vanguard:RGAGX                         10.187 RGAGX {70.68 USD, 2016-06-06}
  Assets:US:Vanguard:Cash                         -720.02 USD

2016-06-06 * "Investing 40% of cash in VBMPX"
  Assets:US:Vanguard:VBMPX                          3.970 VBMPX {60.45 USD, 2016-06-06}
  Assets:US:Vanguard:Cash                         -239.99 USD

2016-06-06 * "Investing 60% of cash in RGAGX"
  Assets:US:Vanguard:RGAGX                          5.093 RGAGX {70.68 USD, 2016-06-06}
  Assets:US:Vanguard:Cash                         -359.97 USD

2016-06-17 * "Employer match for contribution"
  Assets:US:Vanguard:Cash                          600.00 USD
  Income:US:BayBook:Match401k                     -600.00 USD

2016-06-20 * "Investing 40% of cash in VBMPX"
  Assets:US:Vanguard:VBMPX                          7.978 VBMPX {60.17 USD, 2016-06-20}
  Assets:US:Vanguard:Cash                         -480.04 USD

2016-06-20 * "Investing 60% of cash in RGAGX"
  Assets:US:Vanguard:RGAGX                         10.941 RGAGX {65.81 USD, 2016-06-20}
  Assets:US:Vanguard:Cash                         -720.03 USD

2016-06-20 * "Investing 40% of cash in VBMPX"
  Assets:US:Vanguard:VBMPX                          3.988 VBMPX {60.17 USD, 2016-06-20}
  Assets:US:Vanguard:Cash                         -239.96 USD

2016-06-20 * "Investing 60% of cash in RGAGX"
  Assets:US:Vanguard:RGAGX                          5.470 RGAGX {65.81 USD, 2016-06-20}
  Assets:US:Vanguard:Cash                         -359.98 USD

2016-07-01 * "Employer match for contribution"
  Assets:US:Vanguard:Cash                          600.00 USD
  Income:US:BayBook:Match401k                     -600.00 USD

2016-07-04 * "Investing 40% of cash in VBMPX"
  Assets:US:Vanguard:VBMPX                          7.904 VBMPX {60.73 USD, 2016-07-04}
  Assets:US:Vanguard:Cash                         -480.01 USD

2016-07-04 * "Investing 60% of cash in RGAGX"
  Assets:US:Vanguard:RGAGX                         11.118 RGAGX {64.76 USD, 2016-07-04}
  Assets:US:Vanguard:Cash                         -720.00 USD

2016-07-04 * "Investing 40% of cash in VBMPX"
  Assets:US:Vanguard:VBMPX                          3.952 VBMPX {60.73 USD, 2016-07-04}
  Assets:US:Vanguard:Cash                         -240.00 USD

2016-07-04 * "Investing 60% of cash in RGAGX"
  Assets:US:Vanguard:RGAGX                          5.559 RGAGX {64.76 USD, 2016-07-04}
  Assets:US:Vanguard:Cash                         -360.00 USD

2016-07-15 * "Employer match for contribution"
  Assets:US:Vanguard:Cash                          600.00 USD
  Income:US:BayBook:Match401k                     -600.00 USD

2016-07-18 * "Investing 40% of cash in VBMPX"
  Assets:US:Vanguard:VBMPX                          7.875 VBMPX {60.95 USD, 2016-07-18}
  Assets:US:Vanguard:Cash                         -479.98 USD

2016-07-18 * "Investing 60% of cash in RGAGX"
  Assets:US:Vanguard:RGAGX                         10.629 RGAGX {67.74 USD, 2016-07-18}
  Assets:US:Vanguard:Cash                         -720.01 USD

2016-07-18 * "Investing 40% of cash in VBMPX"
  Assets:US:Vanguard:VBMPX                          3.938 VBMPX {60.95 USD, 2016-07-18}
  Assets:US:Vanguard:Cash                         -240.02 USD

2016-07-18 * "Investing 60% of cash in RGAGX"
  Assets:US:Vanguard:RGAGX                          5.315 RGAGX {67.74 USD, 2016-07-18}
  Assets:US:Vanguard:Cash                         -360.04 USD

2016-07-29 * "Employer match for contribution"
  Assets:US:Vanguard:Cash                          600.00 USD
  Income:US:BayBook:Match401k                     -600.00 USD

2016-08-01 * "Investing 40% of cash in VBMPX"
  Assets:US:Vanguard:VBMPX                          7.911 VBMPX {60.67 USD, 2016-08-01}
  Assets:US:Vanguard:Cash                         -479.96 USD

2016-08-01 * "Investing 60% of cash in RGAGX"
  Assets:US:Vanguard:RGAGX                         10.569 RGAGX {68.12 USD, 2016-08-01}
  Assets:US:Vanguard:Cash                         -719.96 USD

2016-08-01 * "Investing 40% of cash in VBMPX"
  Assets:US:Vanguard:VBMPX                          3.956 VBMPX {60.67 USD, 2016-08-01}
  Assets:US:Vanguard:Cash                         -240.01 USD

2016-08-01 * "Investing 60% of cash in RGAGX"
  Assets:US:Vanguard:RGAGX                          5.285 RGAGX {68.12 USD, 2016-08-01}
  Assets:US:Vanguard:Cash                         -360.01 USD

2017-01-13 * "Employer match for contribution"
  Assets:US:Vanguard:Cash                          600.00 USD
  Income:US:BayBook:Match401k                     -600.00 USD

2017-01-16 * "Investing 40% of cash in VBMPX"
  Assets:US:Vanguard:VBMPX                          7.838 VBMPX {61.24 USD, 2017-01-16}
  Assets:US:Vanguard:Cash                         -480.00 USD

2017-01-16 * "Investing 60% of cash in RGAGX"
  Assets:US:Vanguard:RGAGX                         10.620 RGAGX {67.80 USD, 2017-01-16}
  Assets:US:Vanguard:Cash                         -720.04 USD

2017-01-16 * "Investing 40% of cash in VBMPX"
  Assets:US:Vanguard:VBMPX                          3.919 VBMPX {61.24 USD, 2017-01-16}
  Assets:US:Vanguard:Cash                         -240.00 USD

2017-01-16 * "Investing 60% of cash in RGAGX"
  Assets:US:Vanguard:RGAGX                          5.310 RGAGX {67.80 USD, 2017-01-16}
  Assets:US:Vanguard:Cash                         -360.02 USD

2017-01-27 * "Employer match for contribution"
  Assets:US:Vanguard:Cash                          600.00 USD
  Income:US:BayBook:Match401k                     -600.00 USD

2017-01-30 * "Investing 40% of cash in VBMPX"
  Assets:US:Vanguard:VBMPX                          7.826 VBMPX {61.33 USD, 2017-01-30}
  Assets:US:Vanguard:Cash                         -479.97 USD

2017-01-30 * "Investing 60% of cash in RGAGX"
  Assets:US:Vanguard:RGAGX                         10.403 RGAGX {69.21 USD, 2017-01-30}
  Assets:US:Vanguard:Cash                         -719.99 USD

2017-01-30 * "Investing 40% of cash in VBMPX"
  Assets:US:Vanguard:VBMPX                          3.913 VBMPX {61.33 USD, 2017-01-30}
  Assets:US:Vanguard:Cash                         -239.98 USD

2017-01-30 * "Investing 60% of cash in RGAGX"
  Assets:US:Vanguard:RGAGX                          5.202 RGAGX {69.21 USD, 2017-01-30}
  Assets:US:Vanguard:Cash                         -360.03 USD

2017-02-10 * "Employer match for contribution"
  Assets:US:Vanguard:Cash                          600.00 USD
  Income:US:BayBook:Match401k                     -600.00 USD

2017-02-13 * "Investing 40% of cash in VBMPX"
  Assets:US:Vanguard:VBMPX                          7.867 VBMPX {61.01 USD, 2017-02-13}
  Assets:US:Vanguard:Cash                         -479.97 USD

2017-02-13 * "Investing 60% of cash in RGAGX"
  Assets:US:Vanguard:RGAGX                         10.741 RGAGX {67.03 USD, 2017-02-13}
  Assets:US:Vanguard:Cash                         -719.97 USD

2017-02-13 * "Investing 40% of cash in VBMPX"
  Assets:US:Vanguard:VBMPX                          3.934 VBMPX {61.01 USD, 2017-02-13}
  Assets:US:Vanguard:Cash                         -240.01 USD

2017-02-13 * "Investing 60% of cash in RGAGX"
  Assets:US:Vanguard:RGAGX                          5.371 RGAGX {67.03 USD, 2017-02-13}
  Assets:US:Vanguard:Cash                         -360.02 USD

2017-02-24 * "Employer match for contribution"
  Assets:US:Vanguard:Cash                          600.00 USD
  Income:US:BayBook:Match401k                     -600.00 USD

2017-02-27 * "Investing 40% of cash in VBMPX"
  Assets:US:Vanguard:VBMPX                          7.707 VBMPX {62.28 USD, 2017-02-27}
  Assets:US:Vanguard:Cash                         -479.99 USD

2017-02-27 * "Investing 60% of cash in RGAGX"
  Assets:US:Vanguard:RGAGX                         10.405 RGAGX {69.20 USD, 2017-02-27}
  Assets:US:Vanguard:Cash                         -720.03 USD

2017-02-27 * "Investing 40% of cash in VBMPX"
  Assets:US:Vanguard:VBMPX                          3.854 VBMPX {62.28 USD, 2017-02-27}
  Assets:US:Vanguard:Cash                         -240.03 USD

2017-02-27 * "Investing 60% of cash in RGAGX"
  Assets:US:Vanguard:RGAGX                          5.202 RGAGX {69.20 USD, 2017-02-27}
  Assets:US:Vanguard:Cash                         -359.98 USD

2017-03-10 * "Employer match for contribution"
  Assets:US:Vanguard:Cash                          600.00 USD
  Income:US:BayBook:Match401k                     -600.00 USD

2017-03-13 * "Investing 40% of cash in VBMPX"
  Assets:US:Vanguard:VBMPX                          7.677 VBMPX {62.52 USD, 2017-03-13}
  Assets:US:Vanguard:Cash                         -479.97 USD

2017-03-13 * "Investing 60% of cash in RGAGX"
  Assets:US:Vanguard:RGAGX                         10.182 RGAGX {70.71 USD, 2017-03-13}
  Assets:US:Vanguard:Cash                         -719.97 USD

2017-03-13 * "Investing 40% of cash in VBMPX"
  Assets:US:Vanguard:VBMPX                          3.839 VBMPX {62.52 USD, 2017-03-13}
  Assets:US:Vanguard:Cash                         -240.01 USD

2017-03-13 * "Investing 60% of cash in RGAGX"
  Assets:US:Vanguard:RGAGX                          5.092 RGAGX {70.71 USD, 2017-03-13}
  Assets:US:Vanguard:Cash                         -360.06 USD

2017-03-24 * "Employer match for contribution"
  Assets:US:Vanguard:Cash                          600.00 USD
  Income:US:BayBook:Match401k                     -600.00 USD

2017-03-27 * "Investing 40% of cash in VBMPX"
  Assets:US:Vanguard:VBMPX                          7.663 VBMPX {62.64 USD, 2017-03-27}
  Assets:US:Vanguard:Cash                         -480.01 USD

2017-03-27 * "Investing 60% of cash in RGAGX"
  Assets:US:Vanguard:RGAGX                          9.748 RGAGX {73.86 USD, 2017-03-27}
  Assets:US:Vanguard:Cash                         -719.99 USD

2017-03-27 * "Investing 40% of cash in VBMPX"
  Assets:US:Vanguard:VBMPX                          3.831 VBMPX {62.64 USD, 2017-03-27}
  Assets:US:Vanguard:Cash                         -239.97 USD

2017-03-27 * "Investing 60% of cash in RGAGX"
  Assets:US:Vanguard:RGAGX                          4.874 RGAGX {73.86 USD, 2017-03-27}
  Assets:US:Vanguard:Cash                         -359.99 USD

2017-04-07 * "Employer match for contribution"
  Assets:US:Vanguard:Cash                          600.00 USD
  Income:US:BayBook:Match401k                     -600.00 USD

2017-04-10 * "Investing 40% of cash in VBMPX"
  Assets:US:Vanguard:VBMPX                          7.792 VBMPX {61.60 USD, 2017-04-10}
  Assets:US:Vanguard:Cash                         -479.99 USD

2017-04-10 * "Investing 60% of cash in RGAGX"
  Assets:US:Vanguard:RGAGX                         10.057 RGAGX {71.59 USD, 2017-04-10}
  Assets:US:Vanguard:Cash                         -719.98 USD

2017-04-10 * "Investing 40% of cash in VBMPX"
  Assets:US:Vanguard:VBMPX                          3.896 VBMPX {61.60 USD, 2017-04-10}
  Assets:US:Vanguard:Cash                         -239.99 USD

2017-04-10 * "Investing 60% of cash in RGAGX"
  Assets:US:Vanguard:RGAGX                          5.029 RGAGX {71.59 USD, 2017-04-10}
  Assets:US:Vanguard:Cash                         -360.03 USD

2017-04-21 * "Employer match for contribution"
  Assets:US:Vanguard:Cash                          600.00 USD
  Income:US:BayBook:Match401k                     -600.00 USD

2017-04-24 * "Investing 40% of cash in VBMPX"
  Assets:US:Vanguard:VBMPX                          7.718 VBMPX {62.19 USD, 2017-04-24}
  Assets:US:Vanguard:Cash                         -479.98 USD

2017-04-24 * "Investing 60% of cash in RGAGX"
  Assets:US:Vanguard:RGAGX                         10.467 RGAGX {68.79 USD, 2017-04-24}
  Assets:US:Vanguard:Cash                         -720.02 USD

2017-04-24 * "Investing 40% of cash in VBMPX"
  Assets:US:Vanguard:VBMPX                          3.859 VBMPX {62.19 USD, 2017-04-24}
  Assets:US:Vanguard:Cash                         -239.99 USD

2017-04-24 * "Investing 60% of cash in RGAGX"
  Assets:US:Vanguard:RGAGX                          5.234 RGAGX {68.79 USD, 2017-04-24}
  Assets:US:Vanguard:Cash                         -360.05 USD

2017-05-05 * "Employer match for contribution"
  Assets:US:Vanguard:Cash                          600.00 USD
  Income:US:BayBook:Match401k                     -600.00 USD

2017-05-08 * "Investing 40% of cash in VBMPX"
  Assets:US:Vanguard:VBMPX                          7.671 VBMPX {62.57 USD, 2017-05-08}
  Assets:US:Vanguard:Cash                         -479.97 USD

2017-05-08 * "Investing 60% of cash in RGAGX"
  Assets:US:Vanguard:RGAGX                         10.337 RGAGX {69.65 USD, 2017-05-08}
  Assets:US:Vanguard:Cash                         -719.97 USD

2017-05-08 * "Investing 40% of cash in VBMPX"
  Assets:US:Vanguard:VBMPX                          3.836 VBMPX {62.57 USD, 2017-05-08}
  Assets:US:Vanguard:Cash                         -240.02 USD

2017-05-08 * "Investing 60% of cash in RGAGX"
  Assets:US:Vanguard:RGAGX                          5.169 RGAGX {69.65 USD, 2017-05-08}
  Assets:US:Vanguard:Cash                         -360.02 USD

2017-05-19 * "Employer match for contribution"
  Assets:US:Vanguard:Cash                          600.00 USD
  Income:US:BayBook:Match401k                     -600.00 USD

2017-05-22 * "Investing 40% of cash in VBMPX"
  Assets:US:Vanguard:VBMPX                          7.654 VBMPX {62.71 USD, 2017-05-22}
  Assets:US:Vanguard:Cash                         -479.98 USD

2017-05-22 * "Investing 60% of cash in RGAGX"
  Assets:US:Vanguard:RGAGX                         10.217 RGAGX {70.47 USD, 2017-05-22}
  Assets:US:Vanguard:Cash                         -719.99 USD

2017-05-22 * "Investing 40% of cash in VBMPX"
  Assets:US:Vanguard:VBMPX                          3.827 VBMPX {62.71 USD, 2017-05-22}
  Assets:US:Vanguard:Cash                         -239.99 USD

2017-05-22 * "Investing 60% of cash in RGAGX"
  Assets:US:Vanguard:RGAGX                          5.109 RGAGX {70.47 USD, 2017-05-22}
  Assets:US:Vanguard:Cash                         -360.03 USD

2017-06-02 * "Employer match for contribution"
  Assets:US:Vanguard:Cash                          600.00 USD
  Income:US:BayBook:Match401k                     -600.00 USD

2017-06-05 * "Investing 40% of cash in VBMPX"
  Assets:US:Vanguard:VBMPX                          7.676 VBMPX {62.53 USD, 2017-06-05}
  Assets:US:Vanguard:Cash                         -479.98 USD

2017-06-05 * "Investing 60% of cash in RGAGX"
  Assets:US:Vanguard:RGAGX                         10.148 RGAGX {70.95 USD, 2017-06-05}
  Assets:US:Vanguard:Cash                         -720.00 USD

2017-06-05 * "Investing 40% of cash in VBMPX"
  Assets:US:Vanguard:VBMPX                          3.838 VBMPX {62.53 USD, 2017-06-05}
  Assets:US:Vanguard:Cash                         -239.99 USD

2017-06-05 * "Investing 60% of cash in RGAGX"
  Assets:US:Vanguard:RGAGX                          5.074 RGAGX {70.95 USD, 2017-06-05}
  Assets:US:Vanguard:Cash                         -360.00 USD

2017-06-16 * "Employer match for contribution"
  Assets:US:Vanguard:Cash                          600.00 USD
  Income:US:BayBook:Match401k                     -600.00 USD

2017-06-19 * "Investing 40% of cash in VBMPX"
  Assets:US:Vanguard:VBMPX                          7.552 VBMPX {63.56 USD, 2017-06-19}
  Assets:US:Vanguard:Cash                         -480.01 USD

2017-06-19 * "Investing 60% of cash in RGAGX"
  Assets:US:Vanguard:RGAGX                         10.514 RGAGX {68.48 USD, 2017-06-19}
  Assets:US:Vanguard:Cash                         -720.00 USD

2017-06-19 * "Investing 40% of cash in VBMPX"
  Assets:US:Vanguard:VBMPX                          3.776 VBMPX {63.56 USD, 2017-06-19}
  Assets:US:Vanguard:Cash                         -240.00 USD

2017-06-19 * "Investing 60% of cash in RGAGX"
  Assets:US:Vanguard:RGAGX                          5.257 RGAGX {68.48 USD, 2017-06-19}
  Assets:US:Vanguard:Cash                         -360.00 USD

2017-06-30 * "Employer match for contribution"
  Assets:US:Vanguard:Cash                          600.00 USD
  Income:US:BayBook:Match401k                     -600.00 USD

2017-07-03 * "Investing 40% of cash in VBMPX"
  Assets:US:Vanguard:VBMPX                          7.506 VBMPX {63.95 USD, 2017-07-03}
  Assets:US:Vanguard:Cash                         -480.01 USD

2017-07-03 * "Investing 60% of cash in RGAGX"
  Assets:US:Vanguard:RGAGX                         10.880 RGAGX {66.18 USD, 2017-07-03}
  Assets:US:Vanguard:Cash                         -720.04 USD

2017-07-03 * "Investing 40% of cash in VBMPX"
  Assets:US:Vanguard:VBMPX                          3.753 VBMPX {63.95 USD, 2017-07-03}
  Assets:US:Vanguard:Cash                         -240.00 USD

2017-07-03 * "Investing 60% of cash in RGAGX"
  Assets:US:Vanguard:RGAGX                          5.440 RGAGX {66.18 USD, 2017-07-03}
  Assets:US:Vanguard:Cash                         -360.02 USD

2017-07-14 * "Employer match for contribution"
  Assets:US:Vanguard:Cash                          600.00 USD
  Income:US:BayBook:Match401k                     -600.00 USD

2017-07-17 * "Investing 40% of cash in VBMPX"
  Assets:US:Vanguard:VBMPX                          7.618 VBMPX {63.01 USD, 2017-07-17}
  Assets:US:Vanguard:Cash                         -480.01 USD

2017-07-17 * "Investing 60% of cash in RGAGX"
  Assets:US:Vanguard:RGAGX                         11.163 RGAGX {64.50 USD, 2017-07-17}
  Assets:US:Vanguard:Cash                         -720.01 USD

2017-07-17 * "Investing 40% of cash in VBMPX"
  Assets:US:Vanguard:VBMPX                          3.809 VBMPX {63.01 USD, 2017-07-17}
  Assets:US:Vanguard:Cash                         -240.01 USD

2017-07-17 * "Investing 60% of cash in RGAGX"
  Assets:US:Vanguard:RGAGX                          5.581 RGAGX {64.50 USD, 2017-07-17}
  Assets:US:Vanguard:Cash                         -359.97 USD

2017-07-28 * "Employer match for contribution"
  Assets:US:Vanguard:Cash                          600.00 USD
  Income:US:BayBook:Match401k                     -600.00 USD

2017-07-31 * "Investing 40% of cash in VBMPX"
  Assets:US:Vanguard:VBMPX                          7.564 VBMPX {63.46 USD, 2017-07-31}
  Assets:US:Vanguard:Cash                         -480.01 USD

2017-07-31 * "Investing 60% of cash in RGAGX"
  Assets:US:Vanguard:RGAGX                         10.984 RGAGX {65.55 USD, 2017-07-31}
  Assets:US:Vanguard:Cash                         -720.00 USD

2017-07-31 * "Investing 40% of cash in VBMPX"
  Assets:US:Vanguard:VBMPX                          3.782 VBMPX {63.46 USD, 2017-07-31}
  Assets:US:Vanguard:Cash                         -240.01 USD

2017-07-31 * "Investing 60% of cash in RGAGX"
  Assets:US:Vanguard:RGAGX                          5.492 RGAGX {65.55 USD, 2017-07-31}
  Assets:US:Vanguard:Cash                         -360.00 USD

2017-08-11 * "Employer match for contribution"
  Assets:US:Vanguard:Cash                          250.00 USD
  Income:US:BayBook:Match401k                     -250.00 USD

2017-08-14 * "Investing 40% of cash in VBMPX"
  Assets:US:Vanguard:VBMPX                          3.152 VBMPX {63.45 USD, 2017-08-14}
  Assets:US:Vanguard:Cash                         -199.99 USD

2017-08-14 * "Investing 60% of cash in RGAGX"
  Assets:US:Vanguard:RGAGX                          4.562 RGAGX {65.76 USD, 2017-08-14}
  Assets:US:Vanguard:Cash                         -300.00 USD

2017-08-14 * "Investing 40% of cash in VBMPX"
  Assets:US:Vanguard:VBMPX                          1.576 VBMPX {63.45 USD, 2017-08-14}
  Assets:US:Vanguard:Cash                         -100.00 USD

2017-08-14 * "Investing 60% of cash in RGAGX"
  Assets:US:Vanguard:RGAGX                          2.281 RGAGX {65.76 USD, 2017-08-14}
  Assets:US:Vanguard:Cash                         -150.00 USD



* Sources of Income

2015-01-01 open Income:US:BayBook:Salary                      USD
2015-01-01 open Income:US:BayBook:GroupTermLife               USD
2015-01-01 open Income:US:BayBook:Vacation                    VACHR
2015-01-01 open Assets:US:BayBook:Vacation                    VACHR
2015-01-01 open Expenses:Vacation                               VACHR
2015-01-01 open Expenses:Health:Life:GroupTermLife
2015-01-01 open Expenses:Health:Medical:Insurance
2015-01-01 open Expenses:Health:Dental:Insurance
2015-01-01 open Expenses:Health:Vision:Insurance

2015-01-01 * "BayBook" "Payroll"
  Assets:US:BofA:Checking                         1350.60 USD
  Assets:US:Vanguard:Cash                         1200.00 USD
  Income:US:BayBook:Salary                       -4615.38 USD
  Income:US:BayBook:GroupTermLife                  -24.32 USD
  Expenses:Health:Life:GroupTermLife                24.32 USD
  Expenses:Health:Dental:Insurance                   2.90 USD
  Expenses:Health:Medical:Insurance                 27.38 USD
  Expenses:Health:Vision:Insurance                  42.30 USD
  Expenses:Taxes:Y2015:US:Medicare                 106.62 USD
  Expenses:Taxes:Y2015:US:Federal                 1062.92 USD
  Expenses:Taxes:Y2015:US:State                    365.08 USD
  Expenses:Taxes:Y2015:US:CityNYC                  174.92 USD
  Expenses:Taxes:Y2015:US:SDI                        1.12 USD
  Expenses:Taxes:Y2015:US:SocSec                   281.54 USD
  Assets:US:Federal:PreTax401k                   -1200.00 IRAUSD
  Expenses:Taxes:Y2015:US:Federal:PreTax401k      1200.00 IRAUSD
  Assets:US:BayBook:Vacation                            5 VACHR
  Income:US:BayBook:Vacation                           -5 VACHR

2015-01-01 event "employer" "BayBook, 1501 Billow Rd, Benlo Park, CA"

2015-01-15 * "BayBook" "Payroll"
  Assets:US:BofA:Checking                         1350.60 USD
  Assets:US:Vanguard:Cash                         1200.00 USD
  Income:US:BayBook:Salary                       -4615.38 USD
  Income:US:BayBook:GroupTermLife                  -24.32 USD
  Expenses:Health:Life:GroupTermLife                24.32 USD
  Expenses:Health:Dental:Insurance                   2.90 USD
  Expenses:Health:Medical:Insurance                 27.38 USD
  Expenses:Health:Vision:Insurance                  42.30 USD
  Expenses:Taxes:Y2015:US:Medicare                 106.62 USD
  Expenses:Taxes:Y2015:US:Federal                 1062.92 USD
  Expenses:Taxes:Y2015:US:State                    365.08 USD
  Expenses:Taxes:Y2015:US:CityNYC                  174.92 USD
  Expenses:Taxes:Y2015:US:SDI                        1.12 USD
  Expenses:Taxes:Y2015:US:SocSec                   281.54 USD
  Assets:US:Federal:PreTax401k                   -1200.00 IRAUSD
  Expenses:Taxes:Y2015:US:Federal:PreTax401k      1200.00 IRAUSD
  Assets:US:BayBook:Vacation                            5 VACHR
  Income:US:BayBook:Vacation                           -5 VACHR

2015-01-29 * "BayBook" "Payroll"
  Assets:US:BofA:Checking                         1350.60 USD
  Assets:US:Vanguard:Cash                         1200.00 USD
  Income:US:BayBook:Salary                       -4615.38 USD
  Income:US:BayBook:GroupTermLife                  -24.32 USD
  Expenses:Health:Life:GroupTermLife                24.32 USD
  Expenses:Health:Dental:Insurance                   2.90 USD
  Expenses:Health:Medical:Insurance                 27.38 USD
  Expenses:Health:Vision:Insurance                  42.30 USD
  Expenses:Taxes:Y2015:US:Medicare                 106.62 USD
  Expenses:Taxes:Y2015:US:Federal                 1062.92 USD
  Expenses:Taxes:Y2015:US:State                    365.08 USD
  Expenses:Taxes:Y2015:US:CityNYC                  174.92 USD
  Expenses:Taxes:Y2015:US:SDI                        1.12 USD
  Expenses:Taxes:Y2015:US:SocSec                   281.54 USD
  Assets:US:Federal:PreTax401k                   -1200.00 IRAUSD
  Expenses:Taxes:Y2015:US:Federal:PreTax401k      1200.00 IRAUSD
  Assets:US:BayBook:Vacation                            5 VACHR
  Income:US:BayBook:Vacation                           -5 VACHR

2015-02-12 * "BayBook" "Payroll"
  Assets:US:BofA:Checking                         1350.60 USD
  Assets:US:Vanguard:Cash                         1200.00 USD
  Income:US:BayBook:Salary                       -4615.38 USD
  Income:US:BayBook:GroupTermLife                  -24.32 USD
  Expenses:Health:Life:GroupTermLife                24.32 USD
  Expenses:Health:Dental:Insurance                   2.90 USD
  Expenses:Health:Medical:Insurance                 27.38 USD
  Expenses:Health:Vision:Insurance                  42.30 USD
  Expenses:Taxes:Y2015:US:Medicare                 106.62 USD
  Expenses:Taxes:Y2015:US:Federal                 1062.92 USD
  Expenses:Taxes:Y2015:US:State                    365.08 USD
  Expenses:Taxes:Y2015:US:CityNYC                  174.92 USD
  Expenses:Taxes:Y2015:US:SDI                        1.12 USD
  Expenses:Taxes:Y2015:US:SocSec                   281.54 USD
  Assets:US:Federal:PreTax401k                   -1200.00 IRAUSD
  Expenses:Taxes:Y2015:US:Federal:PreTax401k      1200.00 IRAUSD
  Assets:US:BayBook:Vacation                            5 VACHR
  Income:US:BayBook:Vacation                           -5 VACHR

2015-02-26 * "BayBook" "Payroll"
  Assets:US:BofA:Checking                         1350.60 USD
  Assets:US:Vanguard:Cash                         1200.00 USD
  Income:US:BayBook:Salary                       -4615.38 USD
  Income:US:BayBook:GroupTermLife                  -24.32 USD
  Expenses:Health:Life:GroupTermLife                24.32 USD
  Expenses:Health:Dental:Insurance                   2.90 USD
  Expenses:Health:Medical:Insurance                 27.38 USD
  Expenses:Health:Vision:Insurance                  42.30 USD
  Expenses:Taxes:Y2015:US:Medicare                 106.62 USD
  Expenses:Taxes:Y2015:US:Federal                 1062.92 USD
  Expenses:Taxes:Y2015:US:State                    365.08 USD
  Expenses:Taxes:Y2015:US:CityNYC                  174.92 USD
  Expenses:Taxes:Y2015:US:SDI                        1.12 USD
  Expenses:Taxes:Y2015:US:SocSec                   281.54 USD
  Assets:US:Federal:PreTax401k                   -1200.00 IRAUSD
  Expenses:Taxes:Y2015:US:Federal:PreTax401k      1200.00 IRAUSD
  Assets:US:BayBook:Vacation                            5 VACHR
  Income:US:BayBook:Vacation                           -5 VACHR

2015-03-12 * "BayBook" "Payroll"
  Assets:US:BofA:Checking                         1350.60 USD
  Assets:US:Vanguard:Cash                         1200.00 USD
  Income:US:BayBook:Salary                       -4615.38 USD
  Income:US:BayBook:GroupTermLife                  -24.32 USD
  Expenses:Health:Life:GroupTermLife                24.32 USD
  Expenses:Health:Dental:Insurance                   2.90 USD
  Expenses:Health:Medical:Insurance                 27.38 USD
  Expenses:Health:Vision:Insurance                  42.30 USD
  Expenses:Taxes:Y2015:US:Medicare                 106.62 USD
  Expenses:Taxes:Y2015:US:Federal                 1062.92 USD
  Expenses:Taxes:Y2015:US:State                    365.08 USD
  Expenses:Taxes:Y2015:US:CityNYC                  174.92 USD
  Expenses:Taxes:Y2015:US:SDI                        1.12 USD
  Expenses:Taxes:Y2015:US:SocSec                   281.54 USD
  Assets:US:Federal:PreTax401k                   -1200.00 IRAUSD
  Expenses:Taxes:Y2015:US:Federal:PreTax401k      1200.00 IRAUSD
  Assets:US:BayBook:Vacation                            5 VACHR
  Income:US:BayBook:Vacation                           -5 VACHR

2015-03-26 * "BayBook" "Payroll"
  Assets:US:BofA:Checking                         1350.60 USD
  Assets:US:Vanguard:Cash                         1200.00 USD
  Income:US:BayBook:Salary                       -4615.38 USD
  Income:US:BayBook:GroupTermLife                  -24.32 USD
  Expenses:Health:Life:GroupTermLife                24.32 USD
  Expenses:Health:Dental:Insurance                   2.90 USD
  Expenses:Health:Medical:Insurance                 27.38 USD
  Expenses:Health:Vision:Insurance                  42.30 USD
  Expenses:Taxes:Y2015:US:Medicare                 106.62 USD
  Expenses:Taxes:Y2015:US:Federal                 1062.92 USD
  Expenses:Taxes:Y2015:US:State                    365.08 USD
  Expenses:Taxes:Y2015:US:CityNYC                  174.92 USD
  Expenses:Taxes:Y2015:US:SDI                        1.12 USD
  Expenses:Taxes:Y2015:US:SocSec                   281.54 USD
  Assets:US:Federal:PreTax401k                   -1200.00 IRAUSD
  Expenses:Taxes:Y2015:US:Federal:PreTax401k      1200.00 IRAUSD
  Assets:US:BayBook:Vacation                            5 VACHR
  Income:US:BayBook:Vacation                           -5 VACHR

2015-04-09 * "BayBook" "Payroll"
  Assets:US:BofA:Checking                         1350.60 USD
  Assets:US:Vanguard:Cash                         1200.00 USD
  Income:US:BayBook:Salary                       -4615.38 USD
  Income:US:BayBook:GroupTermLife                  -24.32 USD
  Expenses:Health:Life:GroupTermLife                24.32 USD
  Expenses:Health:Dental:Insurance                   2.90 USD
  Expenses:Health:Medical:Insurance                 27.38 USD
  Expenses:Health:Vision:Insurance                  42.30 USD
  Expenses:Taxes:Y2015:US:Medicare                 106.62 USD
  Expenses:Taxes:Y2015:US:Federal                 1062.92 USD
  Expenses:Taxes:Y2015:US:State                    365.08 USD
  Expenses:Taxes:Y2015:US:CityNYC                  174.92 USD
  Expenses:Taxes:Y2015:US:SDI                        1.12 USD
  Expenses:Taxes:Y2015:US:SocSec                   281.54 USD
  Assets:US:Federal:PreTax401k                   -1200.00 IRAUSD
  Expenses:Taxes:Y2015:US:Federal:PreTax401k      1200.00 IRAUSD
  Assets:US:BayBook:Vacation                            5 VACHR
  Income:US:BayBook:Vacation                           -5 VACHR

2015-04-23 * "BayBook" "Payroll"
  Assets:US:BofA:Checking                         1350.60 USD
  Assets:US:Vanguard:Cash                         1200.00 USD
  Income:US:BayBook:Salary                       -4615.38 USD
  Income:US:BayBook:GroupTermLife                  -24.32 USD
  Expenses:Health:Life:GroupTermLife                24.32 USD
  Expenses:Health:Dental:Insurance                   2.90 USD
  Expenses:Health:Medical:Insurance                 27.38 USD
  Expenses:Health:Vision:Insurance                  42.30 USD
  Expenses:Taxes:Y2015:US:Medicare                 106.62 USD
  Expenses:Taxes:Y2015:US:Federal                 1062.92 USD
  Expenses:Taxes:Y2015:US:State                    365.08 USD
  Expenses:Taxes:Y2015:US:CityNYC                  174.92 USD
  Expenses:Taxes:Y2015:US:SDI                        1.12 USD
  Expenses:Taxes:Y2015:US:SocSec                   281.54 USD
  Assets:US:Federal:PreTax401k                   -1200.00 IRAUSD
  Expenses:Taxes:Y2015:US:Federal:PreTax401k      1200.00 IRAUSD
  Assets:US:BayBook:Vacation                            5 VACHR
  Income:US:BayBook:Vacation                           -5 VACHR

2015-05-07 * "BayBook" "Payroll"
  Assets:US:BofA:Checking                         1350.60 USD
  Assets:US:Vanguard:Cash                         1200.00 USD
  Income:US:BayBook:Salary                       -4615.38 USD
  Income:US:BayBook:GroupTermLife                  -24.32 USD
  Expenses:Health:Life:GroupTermLife                24.32 USD
  Expenses:Health:Dental:Insurance                   2.90 USD
  Expenses:Health:Medical:Insurance                 27.38 USD
  Expenses:Health:Vision:Insurance                  42.30 USD
  Expenses:Taxes:Y2015:US:Medicare                 106.62 USD
  Expenses:Taxes:Y2015:US:Federal                 1062.92 USD
  Expenses:Taxes:Y2015:US:State                    365.08 USD
  Expenses:Taxes:Y2015:US:CityNYC                  174.92 USD
  Expenses:Taxes:Y2015:US:SDI                        1.12 USD
  Expenses:Taxes:Y2015:US:SocSec                   281.54 USD
  Assets:US:Federal:PreTax401k                   -1200.00 IRAUSD
  Expenses:Taxes:Y2015:US:Federal:PreTax401k      1200.00 IRAUSD
  Assets:US:BayBook:Vacation                            5 VACHR
  Income:US:BayBook:Vacation                           -5 VACHR

2015-05-21 * "BayBook" "Payroll"
  Assets:US:BofA:Checking                         1350.60 USD
  Assets:US:Vanguard:Cash                         1200.00 USD
  Income:US:BayBook:Salary                       -4615.38 USD
  Income:US:BayBook:GroupTermLife                  -24.32 USD
  Expenses:Health:Life:GroupTermLife                24.32 USD
  Expenses:Health:Dental:Insurance                   2.90 USD
  Expenses:Health:Medical:Insurance                 27.38 USD
  Expenses:Health:Vision:Insurance                  42.30 USD
  Expenses:Taxes:Y2015:US:Medicare                 106.62 USD
  Expenses:Taxes:Y2015:US:Federal                 1062.92 USD
  Expenses:Taxes:Y2015:US:State                    365.08 USD
  Expenses:Taxes:Y2015:US:CityNYC                  174.92 USD
  Expenses:Taxes:Y2015:US:SDI                        1.12 USD
  Expenses:Taxes:Y2015:US:SocSec                   281.54 USD
  Assets:US:Federal:PreTax401k                   -1200.00 IRAUSD
  Expenses:Taxes:Y2015:US:Federal:PreTax401k      1200.00 IRAUSD
  Assets:US:BayBook:Vacation                            5 VACHR
  Income:US:BayBook:Vacation                           -5 VACHR

2015-06-04 * "BayBook" "Payroll"
  Assets:US:BofA:Checking                         1350.60 USD
  Assets:US:Vanguard:Cash                         1200.00 USD
  Income:US:BayBook:Salary                       -4615.38 USD
  Income:US:BayBook:GroupTermLife                  -24.32 USD
  Expenses:Health:Life:GroupTermLife                24.32 USD
  Expenses:Health:Dental:Insurance                   2.90 USD
  Expenses:Health:Medical:Insurance                 27.38 USD
  Expenses:Health:Vision:Insurance                  42.30 USD
  Expenses:Taxes:Y2015:US:Medicare                 106.62 USD
  Expenses:Taxes:Y2015:US:Federal                 1062.92 USD
  Expenses:Taxes:Y2015:US:State                    365.08 USD
  Expenses:Taxes:Y2015:US:CityNYC                  174.92 USD
  Expenses:Taxes:Y2015:US:SDI                        1.12 USD
  Expenses:Taxes:Y2015:US:SocSec                   281.54 USD
  Assets:US:Federal:PreTax401k                   -1200.00 IRAUSD
  Expenses:Taxes:Y2015:US:Federal:PreTax401k      1200.00 IRAUSD
  Assets:US:BayBook:Vacation                            5 VACHR
  Income:US:BayBook:Vacation                           -5 VACHR

2015-06-18 * "BayBook" "Payroll"
  Assets:US:BofA:Checking                         1350.60 USD
  Assets:US:Vanguard:Cash                         1200.00 USD
  Income:US:BayBook:Salary                       -4615.38 USD
  Income:US:BayBook:GroupTermLife                  -24.32 USD
  Expenses:Health:Life:GroupTermLife                24.32 USD
  Expenses:Health:Dental:Insurance                   2.90 USD
  Expenses:Health:Medical:Insurance                 27.38 USD
  Expenses:Health:Vision:Insurance                  42.30 USD
  Expenses:Taxes:Y2015:US:Medicare                 106.62 USD
  Expenses:Taxes:Y2015:US:Federal                 1062.92 USD
  Expenses:Taxes:Y2015:US:State                    365.08 USD
  Expenses:Taxes:Y2015:US:CityNYC                  174.92 USD
  Expenses:Taxes:Y2015:US:SDI                        1.12 USD
  Expenses:Taxes:Y2015:US:SocSec                   281.54 USD
  Assets:US:Federal:PreTax401k                   -1200.00 IRAUSD
  Expenses:Taxes:Y2015:US:Federal:PreTax401k      1200.00 IRAUSD
  Assets:US:BayBook:Vacation                            5 VACHR
  Income:US:BayBook:Vacation                           -5 VACHR

2015-07-02 * "BayBook" "Payroll"
  Assets:US:BofA:Checking                         1350.60 USD
  Assets:US:Vanguard:Cash                         1200.00 USD
  Income:US:BayBook:Salary                       -4615.38 USD
  Income:US:BayBook:GroupTermLife                  -24.32 USD
  Expenses:Health:Life:GroupTermLife                24.32 USD
  Expenses:Health:Dental:Insurance                   2.90 USD
  Expenses:Health:Medical:Insurance                 27.38 USD
  Expenses:Health:Vision:Insurance                  42.30 USD
  Expenses:Taxes:Y2015:US:Medicare                 106.62 USD
  Expenses:Taxes:Y2015:US:Federal                 1062.92 USD
  Expenses:Taxes:Y2015:US:State                    365.08 USD
  Expenses:Taxes:Y2015:US:CityNYC                  174.92 USD
  Expenses:Taxes:Y2015:US:SDI                        1.12 USD
  Expenses:Taxes:Y2015:US:SocSec                   281.54 USD
  Assets:US:Federal:PreTax401k                   -1200.00 IRAUSD
  Expenses:Taxes:Y2015:US:Federal:PreTax401k      1200.00 IRAUSD
  Assets:US:BayBook:Vacation                            5 VACHR
  Income:US:BayBook:Vacation                           -5 VACHR

2015-07-16 * "BayBook" "Payroll"
  Assets:US:BofA:Checking                         1350.60 USD
  Assets:US:Vanguard:Cash                         1200.00 USD
  Income:US:BayBook:Salary                       -4615.38 USD
  Income:US:BayBook:GroupTermLife                  -24.32 USD
  Expenses:Health:Life:GroupTermLife                24.32 USD
  Expenses:Health:Dental:Insurance                   2.90 USD
  Expenses:Health:Medical:Insurance                 27.38 USD
  Expenses:Health:Vision:Insurance                  42.30 USD
  Expenses:Taxes:Y2015:US:Medicare                 106.62 USD
  Expenses:Taxes:Y2015:US:Federal                 1062.92 USD
  Expenses:Taxes:Y2015:US:State                    365.08 USD
  Expenses:Taxes:Y2015:US:CityNYC                  174.92 USD
  Expenses:Taxes:Y2015:US:SDI                        1.12 USD
  Expenses:Taxes:Y2015:US:SocSec                   281.54 USD
  Assets:US:Federal:PreTax401k                   -1200.00 IRAUSD
  Expenses:Taxes:Y2015:US:Federal:PreTax401k      1200.00 IRAUSD
  Assets:US:BayBook:Vacation                            5 VACHR
  Income:US:BayBook:Vacation                           -5 VACHR

2015-07-30 * "BayBook" "Payroll"
  Assets:US:BofA:Checking                         2550.60 USD
  Income:US:BayBook:Salary                       -4615.38 USD
  Income:US:BayBook:GroupTermLife                  -24.32 USD
  Expenses:Health:Life:GroupTermLife                24.32 USD
  Expenses:Health:Dental:Insurance                   2.90 USD
  Expenses:Health:Medical:Insurance                 27.38 USD
  Expenses:Health:Vision:Insurance                  42.30 USD
  Expenses:Taxes:Y2015:US:Medicare                 106.62 USD
  Expenses:Taxes:Y2015:US:Federal                 1062.92 USD
  Expenses:Taxes:Y2015:US:State                    365.08 USD
  Expenses:Taxes:Y2015:US:CityNYC                  174.92 USD
  Expenses:Taxes:Y2015:US:SDI                        1.12 USD
  Expenses:Taxes:Y2015:US:SocSec                   281.54 USD
  Assets:US:Federal:PreTax401k                       0.00 IRAUSD
  Assets:US:BayBook:Vacation                            5 VACHR
  Income:US:BayBook:Vacation                           -5 VACHR

2015-08-13 * "BayBook" "Payroll"
  Assets:US:BofA:Checking                         2550.60 USD
  Income:US:BayBook:Salary                       -4615.38 USD
  Income:US:BayBook:GroupTermLife                  -24.32 USD
  Expenses:Health:Life:GroupTermLife                24.32 USD
  Expenses:Health:Dental:Insurance                   2.90 USD
  Expenses:Health:Medical:Insurance                 27.38 USD
  Expenses:Health:Vision:Insurance                  42.30 USD
  Expenses:Taxes:Y2015:US:Medicare                 106.62 USD
  Expenses:Taxes:Y2015:US:Federal                 1062.92 USD
  Expenses:Taxes:Y2015:US:State                    365.08 USD
  Expenses:Taxes:Y2015:US:CityNYC                  174.92 USD
  Expenses:Taxes:Y2015:US:SDI                        1.12 USD
  Expenses:Taxes:Y2015:US:SocSec                   281.54 USD
  Assets:US:Federal:PreTax401k                       0.00 IRAUSD
  Assets:US:BayBook:Vacation                            5 VACHR
  Income:US:BayBook:Vacation                           -5 VACHR

2015-08-27 * "BayBook" "Payroll"
  Assets:US:BofA:Checking                         2550.60 USD
  Income:US:BayBook:Salary                       -4615.38 USD
  Income:US:BayBook:GroupTermLife                  -24.32 USD
  Expenses:Health:Life:GroupTermLife                24.32 USD
  Expenses:Health:Dental:Insurance                   2.90 USD
  Expenses:Health:Medical:Insurance                 27.38 USD
  Expenses:Health:Vision:Insurance                  42.30 USD
  Expenses:Taxes:Y2015:US:Medicare                 106.62 USD
  Expenses:Taxes:Y2015:US:Federal                 1062.92 USD
  Expenses:Taxes:Y2015:US:State                    365.08 USD
  Expenses:Taxes:Y2015:US:CityNYC                  174.92 USD
  Expenses:Taxes:Y2015:US:SDI                        1.12 USD
  Expenses:Taxes:Y2015:US:SocSec                   281.54 USD
  Assets:US:Federal:PreTax401k                       0.00 IRAUSD
  Assets:US:BayBook:Vacation                            5 VACHR
  Income:US:BayBook:Vacation                           -5 VACHR

2015-09-10 * "BayBook" "Payroll"
  Assets:US:BofA:Checking                         2550.60 USD
  Income:US:BayBook:Salary                       -4615.38 USD
  Income:US:BayBook:GroupTermLife                  -24.32 USD
  Expenses:Health:Life:GroupTermLife                24.32 USD
  Expenses:Health:Dental:Insurance                   2.90 USD
  Expenses:Health:Medical:Insurance                 27.38 USD
  Expenses:Health:Vision:Insurance                  42.30 USD
  Expenses:Taxes:Y2015:US:Medicare                 106.62 USD
  Expenses:Taxes:Y2015:US:Federal                 1062.92 USD
  Expenses:Taxes:Y2015:US:State                    365.08 USD
  Expenses:Taxes:Y2015:US:CityNYC                  174.92 USD
  Expenses:Taxes:Y2015:US:SDI                        1.12 USD
  Expenses:Taxes:Y2015:US:SocSec                   281.54 USD
  Assets:US:Federal:PreTax401k                       0.00 IRAUSD
  Assets:US:BayBook:Vacation                            5 VACHR
  Income:US:BayBook:Vacation                           -5 VACHR

2015-09-24 * "BayBook" "Payroll"
  Assets:US:BofA:Checking                         2550.60 USD
  Income:US:BayBook:Salary                       -4615.38 USD
  Income:US:BayBook:GroupTermLife                  -24.32 USD
  Expenses:Health:Life:GroupTermLife                24.32 USD
  Expenses:Health:Dental:Insurance                   2.90 USD
  Expenses:Health:Medical:Insurance                 27.38 USD
  Expenses:Health:Vision:Insurance                  42.30 USD
  Expenses:Taxes:Y2015:US:Medicare                 106.62 USD
  Expenses:Taxes:Y2015:US:Federal                 1062.92 USD
  Expenses:Taxes:Y2015:US:State                    365.08 USD
  Expenses:Taxes:Y2015:US:CityNYC                  174.92 USD
  Expenses:Taxes:Y2015:US:SDI                        1.12 USD
  Expenses:Taxes:Y2015:US:SocSec                   281.54 USD
  Assets:US:Federal:PreTax401k                       0.00 IRAUSD
  Assets:US:BayBook:Vacation                            5 VACHR
  Income:US:BayBook:Vacation                           -5 VACHR

2015-10-08 * "BayBook" "Payroll"
  Assets:US:BofA:Checking                         2550.60 USD
  Income:US:BayBook:Salary                       -4615.38 USD
  Income:US:BayBook:GroupTermLife                  -24.32 USD
  Expenses:Health:Life:GroupTermLife                24.32 USD
  Expenses:Health:Dental:Insurance                   2.90 USD
  Expenses:Health:Medical:Insurance                 27.38 USD
  Expenses:Health:Vision:Insurance                  42.30 USD
  Expenses:Taxes:Y2015:US:Medicare                 106.62 USD
  Expenses:Taxes:Y2015:US:Federal                 1062.92 USD
  Expenses:Taxes:Y2015:US:State                    365.08 USD
  Expenses:Taxes:Y2015:US:CityNYC                  174.92 USD
  Expenses:Taxes:Y2015:US:SDI                        1.12 USD
  Expenses:Taxes:Y2015:US:SocSec                   281.54 USD
  Assets:US:Federal:PreTax401k                       0.00 IRAUSD
  Assets:US:BayBook:Vacation                            5 VACHR
  Income:US:BayBook:Vacation                           -5 VACHR

2015-10-22 * "BayBook" "Payroll"
  Assets:US:BofA:Checking                         2550.60 USD
  Income:US:BayBook:Salary                       -4615.38 USD
  Income:US:BayBook:GroupTermLife                  -24.32 USD
  Expenses:Health:Life:GroupTermLife                24.32 USD
  Expenses:Health:Dental:Insurance                   2.90 USD
  Expenses:Health:Medical:Insurance                 27.38 USD
  Expenses:Health:Vision:Insurance                  42.30 USD
  Expenses:Taxes:Y2015:US:Medicare                 106.62 USD
  Expenses:Taxes:Y2015:US:Federal                 1062.92 USD
  Expenses:Taxes:Y2015:US:State                    365.08 USD
  Expenses:Taxes:Y2015:US:CityNYC                  174.92 USD
  Expenses:Taxes:Y2015:US:SDI                        1.12 USD
  Expenses:Taxes:Y2015:US:SocSec                   281.54 USD
  Assets:US:Federal:PreTax401k                       0.00 IRAUSD
  Assets:US:BayBook:Vacation                            5 VACHR
  Income:US:BayBook:Vacation                           -5 VACHR

2015-11-05 * "BayBook" "Payroll"
  Assets:US:BofA:Checking                         2550.60 USD
  Income:US:BayBook:Salary                       -4615.38 USD
  Income:US:BayBook:GroupTermLife                  -24.32 USD
  Expenses:Health:Life:GroupTermLife                24.32 USD
  Expenses:Health:Dental:Insurance                   2.90 USD
  Expenses:Health:Medical:Insurance                 27.38 USD
  Expenses:Health:Vision:Insurance                  42.30 USD
  Expenses:Taxes:Y2015:US:Medicare                 106.62 USD
  Expenses:Taxes:Y2015:US:Federal                 1062.92 USD
  Expenses:Taxes:Y2015:US:State                    365.08 USD
  Expenses:Taxes:Y2015:US:CityNYC                  174.92 USD
  Expenses:Taxes:Y2015:US:SDI                        1.12 USD
  Expenses:Taxes:Y2015:US:SocSec                   281.54 USD
  Assets:US:Federal:PreTax401k                       0.00 IRAUSD
  Assets:US:BayBook:Vacation                            5 VACHR
  Income:US:BayBook:Vacation                           -5 VACHR

2015-11-19 * "BayBook" "Payroll"
  Assets:US:BofA:Checking                         2550.60 USD
  Income:US:BayBook:Salary                       -4615.38 USD
  Income:US:BayBook:GroupTermLife                  -24.32 USD
  Expenses:Health:Life:GroupTermLife                24.32 USD
  Expenses:Health:Dental:Insurance                   2.90 USD
  Expenses:Health:Medical:Insurance                 27.38 USD
  Expenses:Health:Vision:Insurance                  42.30 USD
  Expenses:Taxes:Y2015:US:Medicare                 106.62 USD
  Expenses:Taxes:Y2015:US:Federal                 1062.92 USD
  Expenses:Taxes:Y2015:US:State                    365.08 USD
  Expenses:Taxes:Y2015:US:CityNYC                  174.92 USD
  Expenses:Taxes:Y2015:US:SDI                        1.12 USD
  Expenses:Taxes:Y2015:US:SocSec                   281.54 USD
  Assets:US:Federal:PreTax401k                       0.00 IRAUSD
  Assets:US:BayBook:Vacation                            5 VACHR
  Income:US:BayBook:Vacation                           -5 VACHR

2015-12-03 * "BayBook" "Payroll"
  Assets:US:BofA:Checking                         2589.06 USD
  Income:US:BayBook:Salary                       -4615.38 USD
  Income:US:BayBook:GroupTermLife                  -24.32 USD
  Expenses:Health:Life:GroupTermLife                24.32 USD
  Expenses:Health:Dental:Insurance                   2.90 USD
  Expenses:Health:Medical:Insurance                 27.38 USD
  Expenses:Health:Vision:Insurance                  42.30 USD
  Expenses:Taxes:Y2015:US:Medicare                 106.62 USD
  Expenses:Taxes:Y2015:US:Federal                 1062.92 USD
  Expenses:Taxes:Y2015:US:State                    365.08 USD
  Expenses:Taxes:Y2015:US:CityNYC                  174.92 USD
  Expenses:Taxes:Y2015:US:SDI                        1.12 USD
  Expenses:Taxes:Y2015:US:SocSec                   243.08 USD
  Assets:US:Federal:PreTax401k                       0.00 IRAUSD
  Assets:US:BayBook:Vacation                            5 VACHR
  Income:US:BayBook:Vacation                           -5 VACHR

2015-12-17 * "BayBook" "Payroll"
  Assets:US:BofA:Checking                         2832.14 USD
  Income:US:BayBook:Salary                       -4615.38 USD
  Income:US:BayBook:GroupTermLife                  -24.32 USD
  Expenses:Health:Life:GroupTermLife                24.32 USD
  Expenses:Health:Dental:Insurance                   2.90 USD
  Expenses:Health:Medical:Insurance                 27.38 USD
  Expenses:Health:Vision:Insurance                  42.30 USD
  Expenses:Taxes:Y2015:US:Medicare                 106.62 USD
  Expenses:Taxes:Y2015:US:Federal                 1062.92 USD
  Expenses:Taxes:Y2015:US:State                    365.08 USD
  Expenses:Taxes:Y2015:US:CityNYC                  174.92 USD
  Expenses:Taxes:Y2015:US:SDI                        1.12 USD
  Expenses:Taxes:Y2015:US:SocSec                     0.00 USD
  Assets:US:Federal:PreTax401k                       0.00 IRAUSD
  Assets:US:BayBook:Vacation                            5 VACHR
  Income:US:BayBook:Vacation                           -5 VACHR

2015-12-31 * "BayBook" "Payroll"
  Assets:US:BofA:Checking                         2832.14 USD
  Income:US:BayBook:Salary                       -4615.38 USD
  Income:US:BayBook:GroupTermLife                  -24.32 USD
  Expenses:Health:Life:GroupTermLife                24.32 USD
  Expenses:Health:Dental:Insurance                   2.90 USD
  Expenses:Health:Medical:Insurance                 27.38 USD
  Expenses:Health:Vision:Insurance                  42.30 USD
  Expenses:Taxes:Y2015:US:Medicare                 106.62 USD
  Expenses:Taxes:Y2015:US:Federal                 1062.92 USD
  Expenses:Taxes:Y2015:US:State                    365.08 USD
  Expenses:Taxes:Y2015:US:CityNYC                  174.92 USD
  Expenses:Taxes:Y2015:US:SDI                        1.12 USD
  Expenses:Taxes:Y2015:US:SocSec                     0.00 USD
  Assets:US:Federal:PreTax401k                       0.00 IRAUSD
  Assets:US:BayBook:Vacation                            5 VACHR
  Income:US:BayBook:Vacation                           -5 VACHR

2016-01-14 * "BayBook" "Payroll"
  Assets:US:BofA:Checking                         1350.60 USD
  Assets:US:Vanguard:Cash                         1200.00 USD
  Income:US:BayBook:Salary                       -4615.38 USD
  Income:US:BayBook:GroupTermLife                  -24.32 USD
  Expenses:Health:Life:GroupTermLife                24.32 USD
  Expenses:Health:Dental:Insurance                   2.90 USD
  Expenses:Health:Medical:Insurance                 27.38 USD
  Expenses:Health:Vision:Insurance                  42.30 USD
  Expenses:Taxes:Y2016:US:Medicare                 106.62 USD
  Expenses:Taxes:Y2016:US:Federal                 1062.92 USD
  Expenses:Taxes:Y2016:US:State                    365.08 USD
  Expenses:Taxes:Y2016:US:CityNYC                  174.92 USD
  Expenses:Taxes:Y2016:US:SDI                        1.12 USD
  Expenses:Taxes:Y2016:US:SocSec                   281.54 USD
  Assets:US:Federal:PreTax401k                   -1200.00 IRAUSD
  Expenses:Taxes:Y2016:US:Federal:PreTax401k      1200.00 IRAUSD
  Assets:US:BayBook:Vacation                            5 VACHR
  Income:US:BayBook:Vacation                           -5 VACHR

2016-01-28 * "BayBook" "Payroll"
  Assets:US:BofA:Checking                         1350.60 USD
  Assets:US:Vanguard:Cash                         1200.00 USD
  Income:US:BayBook:Salary                       -4615.38 USD
  Income:US:BayBook:GroupTermLife                  -24.32 USD
  Expenses:Health:Life:GroupTermLife                24.32 USD
  Expenses:Health:Dental:Insurance                   2.90 USD
  Expenses:Health:Medical:Insurance                 27.38 USD
  Expenses:Health:Vision:Insurance                  42.30 USD
  Expenses:Taxes:Y2016:US:Medicare                 106.62 USD
  Expenses:Taxes:Y2016:US:Federal                 1062.92 USD
  Expenses:Taxes:Y2016:US:State                    365.08 USD
  Expenses:Taxes:Y2016:US:CityNYC                  174.92 USD
  Expenses:Taxes:Y2016:US:SDI                        1.12 USD
  Expenses:Taxes:Y2016:US:SocSec                   281.54 USD
  Assets:US:Federal:PreTax401k                   -1200.00 IRAUSD
  Expenses:Taxes:Y2016:US:Federal:PreTax401k      1200.00 IRAUSD
  Assets:US:BayBook:Vacation                            5 VACHR
  Income:US:BayBook:Vacation                           -5 VACHR

2016-02-11 * "BayBook" "Payroll"
  Assets:US:BofA:Checking                         1350.60 USD
  Assets:US:Vanguard:Cash                         1200.00 USD
  Income:US:BayBook:Salary                       -4615.38 USD
  Income:US:BayBook:GroupTermLife                  -24.32 USD
  Expenses:Health:Life:GroupTermLife                24.32 USD
  Expenses:Health:Dental:Insurance                   2.90 USD
  Expenses:Health:Medical:Insurance                 27.38 USD
  Expenses:Health:Vision:Insurance                  42.30 USD
  Expenses:Taxes:Y2016:US:Medicare                 106.62 USD
  Expenses:Taxes:Y2016:US:Federal                 1062.92 USD
  Expenses:Taxes:Y2016:US:State                    365.08 USD
  Expenses:Taxes:Y2016:US:CityNYC                  174.92 USD
  Expenses:Taxes:Y2016:US:SDI                        1.12 USD
  Expenses:Taxes:Y2016:US:SocSec                   281.54 USD
  Assets:US:Federal:PreTax401k                   -1200.00 IRAUSD
  Expenses:Taxes:Y2016:US:Federal:PreTax401k      1200.00 IRAUSD
  Assets:US:BayBook:Vacation                            5 VACHR
  Income:US:BayBook:Vacation                           -5 VACHR

2016-02-25 * "BayBook" "Payroll"
  Assets:US:BofA:Checking                         1350.60 USD
  Assets:US:Vanguard:Cash                         1200.00 USD
  Income:US:BayBook:Salary                       -4615.38 USD
  Income:US:BayBook:GroupTermLife                  -24.32 USD
  Expenses:Health:Life:GroupTermLife                24.32 USD
  Expenses:Health:Dental:Insurance                   2.90 USD
  Expenses:Health:Medical:Insurance                 27.38 USD
  Expenses:Health:Vision:Insurance                  42.30 USD
  Expenses:Taxes:Y2016:US:Medicare                 106.62 USD
  Expenses:Taxes:Y2016:US:Federal                 1062.92 USD
  Expenses:Taxes:Y2016:US:State                    365.08 USD
  Expenses:Taxes:Y2016:US:CityNYC                  174.92 USD
  Expenses:Taxes:Y2016:US:SDI                        1.12 USD
  Expenses:Taxes:Y2016:US:SocSec                   281.54 USD
  Assets:US:Federal:PreTax401k                   -1200.00 IRAUSD
  Expenses:Taxes:Y2016:US:Federal:PreTax401k      1200.00 IRAUSD
  Assets:US:BayBook:Vacation                            5 VACHR
  Income:US:BayBook:Vacation                           -5 VACHR

2016-03-10 * "BayBook" "Payroll"
  Assets:US:BofA:Checking                         1350.60 USD
  Assets:US:Vanguard:Cash                         1200.00 USD
  Income:US:BayBook:Salary                       -4615.38 USD
  Income:US:BayBook:GroupTermLife                  -24.32 USD
  Expenses:Health:Life:GroupTermLife                24.32 USD
  Expenses:Health:Dental:Insurance                   2.90 USD
  Expenses:Health:Medical:Insurance                 27.38 USD
  Expenses:Health:Vision:Insurance                  42.30 USD
  Expenses:Taxes:Y2016:US:Medicare                 106.62 USD
  Expenses:Taxes:Y2016:US:Federal                 1062.92 USD
  Expenses:Taxes:Y2016:US:State                    365.08 USD
  Expenses:Taxes:Y2016:US:CityNYC                  174.92 USD
  Expenses:Taxes:Y2016:US:SDI                        1.12 USD
  Expenses:Taxes:Y2016:US:SocSec                   281.54 USD
  Assets:US:Federal:PreTax401k                   -1200.00 IRAUSD
  Expenses:Taxes:Y2016:US:Federal:PreTax401k      1200.00 IRAUSD
  Assets:US:BayBook:Vacation                            5 VACHR
  Income:US:BayBook:Vacation                           -5 VACHR

2016-03-24 * "BayBook" "Payroll"
  Assets:US:BofA:Checking                         1350.60 USD
  Assets:US:Vanguard:Cash                         1200.00 USD
  Income:US:BayBook:Salary                       -4615.38 USD
  Income:US:BayBook:GroupTermLife                  -24.32 USD
  Expenses:Health:Life:GroupTermLife                24.32 USD
  Expenses:Health:Dental:Insurance                   2.90 USD
  Expenses:Health:Medical:Insurance                 27.38 USD
  Expenses:Health:Vision:Insurance                  42.30 USD
  Expenses:Taxes:Y2016:US:Medicare                 106.62 USD
  Expenses:Taxes:Y2016:US:Federal                 1062.92 USD
  Expenses:Taxes:Y2016:US:State                    365.08 USD
  Expenses:Taxes:Y2016:US:CityNYC                  174.92 USD
  Expenses:Taxes:Y2016:US:SDI                        1.12 USD
  Expenses:Taxes:Y2016:US:SocSec                   281.54 USD
  Assets:US:Federal:PreTax401k                   -1200.00 IRAUSD
  Expenses:Taxes:Y2016:US:Federal:PreTax401k      1200.00 IRAUSD
  Assets:US:BayBook:Vacation                            5 VACHR
  Income:US:BayBook:Vacation                           -5 VACHR

2016-04-07 * "BayBook" "Payroll"
  Assets:US:BofA:Checking                         1350.60 USD
  Assets:US:Vanguard:Cash                         1200.00 USD
  Income:US:BayBook:Salary                       -4615.38 USD
  Income:US:BayBook:GroupTermLife                  -24.32 USD
  Expenses:Health:Life:GroupTermLife                24.32 USD
  Expenses:Health:Dental:Insurance                   2.90 USD
  Expenses:Health:Medical:Insurance                 27.38 USD
  Expenses:Health:Vision:Insurance                  42.30 USD
  Expenses:Taxes:Y2016:US:Medicare                 106.62 USD
  Expenses:Taxes:Y2016:US:Federal                 1062.92 USD
  Expenses:Taxes:Y2016:US:State                    365.08 USD
  Expenses:Taxes:Y2016:US:CityNYC                  174.92 USD
  Expenses:Taxes:Y2016:US:SDI                        1.12 USD
  Expenses:Taxes:Y2016:US:SocSec                   281.54 USD
  Assets:US:Federal:PreTax401k                   -1200.00 IRAUSD
  Expenses:Taxes:Y2016:US:Federal:PreTax401k      1200.00 IRAUSD
  Assets:US:BayBook:Vacation                            5 VACHR
  Income:US:BayBook:Vacation                           -5 VACHR

2016-04-21 * "BayBook" "Payroll"
  Assets:US:BofA:Checking                         1350.60 USD
  Assets:US:Vanguard:Cash                         1200.00 USD
  Income:US:BayBook:Salary                       -4615.38 USD
  Income:US:BayBook:GroupTermLife                  -24.32 USD
  Expenses:Health:Life:GroupTermLife                24.32 USD
  Expenses:Health:Dental:Insurance                   2.90 USD
  Expenses:Health:Medical:Insurance                 27.38 USD
  Expenses:Health:Vision:Insurance                  42.30 USD
  Expenses:Taxes:Y2016:US:Medicare                 106.62 USD
  Expenses:Taxes:Y2016:US:Federal                 1062.92 USD
  Expenses:Taxes:Y2016:US:State                    365.08 USD
  Expenses:Taxes:Y2016:US:CityNYC                  174.92 USD
  Expenses:Taxes:Y2016:US:SDI                        1.12 USD
  Expenses:Taxes:Y2016:US:SocSec                   281.54 USD
  Assets:US:Federal:PreTax401k                   -1200.00 IRAUSD
  Expenses:Taxes:Y2016:US:Federal:PreTax401k      1200.00 IRAUSD
  Assets:US:BayBook:Vacation                            5 VACHR
  Income:US:BayBook:Vacation                           -5 VACHR

2016-05-05 * "BayBook" "Payroll"
  Assets:US:BofA:Checking                         1350.60 USD
  Assets:US:Vanguard:Cash                         1200.00 USD
  Income:US:BayBook:Salary                       -4615.38 USD
  Income:US:BayBook:GroupTermLife                  -24.32 USD
  Expenses:Health:Life:GroupTermLife                24.32 USD
  Expenses:Health:Dental:Insurance                   2.90 USD
  Expenses:Health:Medical:Insurance                 27.38 USD
  Expenses:Health:Vision:Insurance                  42.30 USD
  Expenses:Taxes:Y2016:US:Medicare                 106.62 USD
  Expenses:Taxes:Y2016:US:Federal                 1062.92 USD
  Expenses:Taxes:Y2016:US:State                    365.08 USD
  Expenses:Taxes:Y2016:US:CityNYC                  174.92 USD
  Expenses:Taxes:Y2016:US:SDI                        1.12 USD
  Expenses:Taxes:Y2016:US:SocSec                   281.54 USD
  Assets:US:Federal:PreTax401k                   -1200.00 IRAUSD
  Expenses:Taxes:Y2016:US:Federal:PreTax401k      1200.00 IRAUSD
  Assets:US:BayBook:Vacation                            5 VACHR
  Income:US:BayBook:Vacation                           -5 VACHR

2016-05-19 * "BayBook" "Payroll"
  Assets:US:BofA:Checking                         1350.60 USD
  Assets:US:Vanguard:Cash                         1200.00 USD
  Income:US:BayBook:Salary                       -4615.38 USD
  Income:US:BayBook:GroupTermLife                  -24.32 USD
  Expenses:Health:Life:GroupTermLife                24.32 USD
  Expenses:Health:Dental:Insurance                   2.90 USD
  Expenses:Health:Medical:Insurance                 27.38 USD
  Expenses:Health:Vision:Insurance                  42.30 USD
  Expenses:Taxes:Y2016:US:Medicare                 106.62 USD
  Expenses:Taxes:Y2016:US:Federal                 1062.92 USD
  Expenses:Taxes:Y2016:US:State                    365.08 USD
  Expenses:Taxes:Y2016:US:CityNYC                  174.92 USD
  Expenses:Taxes:Y2016:US:SDI                        1.12 USD
  Expenses:Taxes:Y2016:US:SocSec                   281.54 USD
  Assets:US:Federal:PreTax401k                   -1200.00 IRAUSD
  Expenses:Taxes:Y2016:US:Federal:PreTax401k      1200.00 IRAUSD
  Assets:US:BayBook:Vacation                            5 VACHR
  Income:US:BayBook:Vacation                           -5 VACHR

2016-06-02 * "BayBook" "Payroll"
  Assets:US:BofA:Checking                         1350.60 USD
  Assets:US:Vanguard:Cash                         1200.00 USD
  Income:US:BayBook:Salary                       -4615.38 USD
  Income:US:BayBook:GroupTermLife                  -24.32 USD
  Expenses:Health:Life:GroupTermLife                24.32 USD
  Expenses:Health:Dental:Insurance                   2.90 USD
  Expenses:Health:Medical:Insurance                 27.38 USD
  Expenses:Health:Vision:Insurance                  42.30 USD
  Expenses:Taxes:Y2016:US:Medicare                 106.62 USD
  Expenses:Taxes:Y2016:US:Federal                 1062.92 USD
  Expenses:Taxes:Y2016:US:State                    365.08 USD
  Expenses:Taxes:Y2016:US:CityNYC                  174.92 USD
  Expenses:Taxes:Y2016:US:SDI                        1.12 USD
  Expenses:Taxes:Y2016:US:SocSec                   281.54 USD
  Assets:US:Federal:PreTax401k                   -1200.00 IRAUSD
  Expenses:Taxes:Y2016:US:Federal:PreTax401k      1200.00 IRAUSD
  Assets:US:BayBook:Vacation                            5 VACHR
  Income:US:BayBook:Vacation                           -5 VACHR

2016-06-16 * "BayBook" "Payroll"
  Assets:US:BofA:Checking                         1350.60 USD
  Assets:US:Vanguard:Cash                         1200.00 USD
  Income:US:BayBook:Salary                       -4615.38 USD
  Income:US:BayBook:GroupTermLife                  -24.32 USD
  Expenses:Health:Life:GroupTermLife                24.32 USD
  Expenses:Health:Dental:Insurance                   2.90 USD
  Expenses:Health:Medical:Insurance                 27.38 USD
  Expenses:Health:Vision:Insurance                  42.30 USD
  Expenses:Taxes:Y2016:US:Medicare                 106.62 USD
  Expenses:Taxes:Y2016:US:Federal                 1062.92 USD
  Expenses:Taxes:Y2016:US:State                    365.08 USD
  Expenses:Taxes:Y2016:US:CityNYC                  174.92 USD
  Expenses:Taxes:Y2016:US:SDI                        1.12 USD
  Expenses:Taxes:Y2016:US:SocSec                   281.54 USD
  Assets:US:Federal:PreTax401k                   -1200.00 IRAUSD
  Expenses:Taxes:Y2016:US:Federal:PreTax401k      1200.00 IRAUSD
  Assets:US:BayBook:Vacation                            5 VACHR
  Income:US:BayBook:Vacation                           -5 VACHR

2016-06-30 * "BayBook" "Payroll"
  Assets:US:BofA:Checking                         1350.60 USD
  Assets:US:Vanguard:Cash                         1200.00 USD
  Income:US:BayBook:Salary                       -4615.38 USD
  Income:US:BayBook:GroupTermLife                  -24.32 USD
  Expenses:Health:Life:GroupTermLife                24.32 USD
  Expenses:Health:Dental:Insurance                   2.90 USD
  Expenses:Health:Medical:Insurance                 27.38 USD
  Expenses:Health:Vision:Insurance                  42.30 USD
  Expenses:Taxes:Y2016:US:Medicare                 106.62 USD
  Expenses:Taxes:Y2016:US:Federal                 1062.92 USD
  Expenses:Taxes:Y2016:US:State                    365.08 USD
  Expenses:Taxes:Y2016:US:CityNYC                  174.92 USD
  Expenses:Taxes:Y2016:US:SDI                        1.12 USD
  Expenses:Taxes:Y2016:US:SocSec                   281.54 USD
  Assets:US:Federal:PreTax401k                   -1200.00 IRAUSD
  Expenses:Taxes:Y2016:US:Federal:PreTax401k      1200.00 IRAUSD
  Assets:US:BayBook:Vacation                            5 VACHR
  Income:US:BayBook:Vacation                           -5 VACHR

2016-07-14 * "BayBook" "Payroll"
  Assets:US:BofA:Checking                         1350.60 USD
  Assets:US:Vanguard:Cash                         1200.00 USD
  Income:US:BayBook:Salary                       -4615.38 USD
  Income:US:BayBook:GroupTermLife                  -24.32 USD
  Expenses:Health:Life:GroupTermLife                24.32 USD
  Expenses:Health:Dental:Insurance                   2.90 USD
  Expenses:Health:Medical:Insurance                 27.38 USD
  Expenses:Health:Vision:Insurance                  42.30 USD
  Expenses:Taxes:Y2016:US:Medicare                 106.62 USD
  Expenses:Taxes:Y2016:US:Federal                 1062.92 USD
  Expenses:Taxes:Y2016:US:State                    365.08 USD
  Expenses:Taxes:Y2016:US:CityNYC                  174.92 USD
  Expenses:Taxes:Y2016:US:SDI                        1.12 USD
  Expenses:Taxes:Y2016:US:SocSec                   281.54 USD
  Assets:US:Federal:PreTax401k                   -1200.00 IRAUSD
  Expenses:Taxes:Y2016:US:Federal:PreTax401k      1200.00 IRAUSD
  Assets:US:BayBook:Vacation                            5 VACHR
  Income:US:BayBook:Vacation                           -5 VACHR

2016-07-28 * "BayBook" "Payroll"
  Assets:US:BofA:Checking                         1350.60 USD
  Assets:US:Vanguard:Cash                         1200.00 USD
  Income:US:BayBook:Salary                       -4615.38 USD
  Income:US:BayBook:GroupTermLife                  -24.32 USD
  Expenses:Health:Life:GroupTermLife                24.32 USD
  Expenses:Health:Dental:Insurance                   2.90 USD
  Expenses:Health:Medical:Insurance                 27.38 USD
  Expenses:Health:Vision:Insurance                  42.30 USD
  Expenses:Taxes:Y2016:US:Medicare                 106.62 USD
  Expenses:Taxes:Y2016:US:Federal                 1062.92 USD
  Expenses:Taxes:Y2016:US:State                    365.08 USD
  Expenses:Taxes:Y2016:US:CityNYC                  174.92 USD
  Expenses:Taxes:Y2016:US:SDI                        1.12 USD
  Expenses:Taxes:Y2016:US:SocSec                   281.54 USD
  Assets:US:Federal:PreTax401k                   -1200.00 IRAUSD
  Expenses:Taxes:Y2016:US:Federal:PreTax401k      1200.00 IRAUSD
  Assets:US:BayBook:Vacation                            5 VACHR
  Income:US:BayBook:Vacation                           -5 VACHR

2016-08-11 * "BayBook" "Payroll"
  Assets:US:BofA:Checking                         2550.60 USD
  Income:US:BayBook:Salary                       -4615.38 USD
  Income:US:BayBook:GroupTermLife                  -24.32 USD
  Expenses:Health:Life:GroupTermLife                24.32 USD
  Expenses:Health:Dental:Insurance                   2.90 USD
  Expenses:Health:Medical:Insurance                 27.38 USD
  Expenses:Health:Vision:Insurance                  42.30 USD
  Expenses:Taxes:Y2016:US:Medicare                 106.62 USD
  Expenses:Taxes:Y2016:US:Federal                 1062.92 USD
  Expenses:Taxes:Y2016:US:State                    365.08 USD
  Expenses:Taxes:Y2016:US:CityNYC                  174.92 USD
  Expenses:Taxes:Y2016:US:SDI                        1.12 USD
  Expenses:Taxes:Y2016:US:SocSec                   281.54 USD
  Assets:US:Federal:PreTax401k                       0.00 IRAUSD
  Assets:US:BayBook:Vacation                            5 VACHR
  Income:US:BayBook:Vacation                           -5 VACHR

2016-08-25 * "BayBook" "Payroll"
  Assets:US:BofA:Checking                         2550.60 USD
  Income:US:BayBook:Salary                       -4615.38 USD
  Income:US:BayBook:GroupTermLife                  -24.32 USD
  Expenses:Health:Life:GroupTermLife                24.32 USD
  Expenses:Health:Dental:Insurance                   2.90 USD
  Expenses:Health:Medical:Insurance                 27.38 USD
  Expenses:Health:Vision:Insurance                  42.30 USD
  Expenses:Taxes:Y2016:US:Medicare                 106.62 USD
  Expenses:Taxes:Y2016:US:Federal                 1062.92 USD
  Expenses:Taxes:Y2016:US:State                    365.08 USD
  Expenses:Taxes:Y2016:US:CityNYC                  174.92 USD
  Expenses:Taxes:Y2016:US:SDI                        1.12 USD
  Expenses:Taxes:Y2016:US:SocSec                   281.54 USD
  Assets:US:Federal:PreTax401k                       0.00 IRAUSD
  Assets:US:BayBook:Vacation                            5 VACHR
  Income:US:BayBook:Vacation                           -5 VACHR

2016-09-08 * "BayBook" "Payroll"
  Assets:US:BofA:Checking                         2550.60 USD
  Income:US:BayBook:Salary                       -4615.38 USD
  Income:US:BayBook:GroupTermLife                  -24.32 USD
  Expenses:Health:Life:GroupTermLife                24.32 USD
  Expenses:Health:Dental:Insurance                   2.90 USD
  Expenses:Health:Medical:Insurance                 27.38 USD
  Expenses:Health:Vision:Insurance                  42.30 USD
  Expenses:Taxes:Y2016:US:Medicare                 106.62 USD
  Expenses:Taxes:Y2016:US:Federal                 1062.92 USD
  Expenses:Taxes:Y2016:US:State                    365.08 USD
  Expenses:Taxes:Y2016:US:CityNYC                  174.92 USD
  Expenses:Taxes:Y2016:US:SDI                        1.12 USD
  Expenses:Taxes:Y2016:US:SocSec                   281.54 USD
  Assets:US:Federal:PreTax401k                       0.00 IRAUSD
  Assets:US:BayBook:Vacation                            5 VACHR
  Income:US:BayBook:Vacation                           -5 VACHR

2016-09-22 * "BayBook" "Payroll"
  Assets:US:BofA:Checking                         2550.60 USD
  Income:US:BayBook:Salary                       -4615.38 USD
  Income:US:BayBook:GroupTermLife                  -24.32 USD
  Expenses:Health:Life:GroupTermLife                24.32 USD
  Expenses:Health:Dental:Insurance                   2.90 USD
  Expenses:Health:Medical:Insurance                 27.38 USD
  Expenses:Health:Vision:Insurance                  42.30 USD
  Expenses:Taxes:Y2016:US:Medicare                 106.62 USD
  Expenses:Taxes:Y2016:US:Federal                 1062.92 USD
  Expenses:Taxes:Y2016:US:State                    365.08 USD
  Expenses:Taxes:Y2016:US:CityNYC                  174.92 USD
  Expenses:Taxes:Y2016:US:SDI                        1.12 USD
  Expenses:Taxes:Y2016:US:SocSec                   281.54 USD
  Assets:US:Federal:PreTax401k                       0.00 IRAUSD
  Assets:US:BayBook:Vacation                            5 VACHR
  Income:US:BayBook:Vacation                           -5 VACHR

2016-10-06 * "BayBook" "Payroll"
  Assets:US:BofA:Checking                         2550.60 USD
  Income:US:BayBook:Salary                       -4615.38 USD
  Income:US:BayBook:GroupTermLife                  -24.32 USD
  Expenses:Health:Life:GroupTermLife                24.32 USD
  Expenses:Health:Dental:Insurance                   2.90 USD
  Expenses:Health:Medical:Insurance                 27.38 USD
  Expenses:Health:Vision:Insurance                  42.30 USD
  Expenses:Taxes:Y2016:US:Medicare                 106.62 USD
  Expenses:Taxes:Y2016:US:Federal                 1062.92 USD
  Expenses:Taxes:Y2016:US:State                    365.08 USD
  Expenses:Taxes:Y2016:US:CityNYC                  174.92 USD
  Expenses:Taxes:Y2016:US:SDI                        1.12 USD
  Expenses:Taxes:Y2016:US:SocSec                   281.54 USD
  Assets:US:Federal:PreTax401k                       0.00 IRAUSD
  Assets:US:BayBook:Vacation                            5 VACHR
  Income:US:BayBook:Vacation                           -5 VACHR

2016-10-20 * "BayBook" "Payroll"
  Assets:US:BofA:Checking                         2550.60 USD
  Income:US:BayBook:Salary                       -4615.38 USD
  Income:US:BayBook:GroupTermLife                  -24.32 USD
  Expenses:Health:Life:GroupTermLife                24.32 USD
  Expenses:Health:Dental:Insurance                   2.90 USD
  Expenses:Health:Medical:Insurance                 27.38 USD
  Expenses:Health:Vision:Insurance                  42.30 USD
  Expenses:Taxes:Y2016:US:Medicare                 106.62 USD
  Expenses:Taxes:Y2016:US:Federal                 1062.92 USD
  Expenses:Taxes:Y2016:US:State                    365.08 USD
  Expenses:Taxes:Y2016:US:CityNYC                  174.92 USD
  Expenses:Taxes:Y2016:US:SDI                        1.12 USD
  Expenses:Taxes:Y2016:US:SocSec                   281.54 USD
  Assets:US:Federal:PreTax401k                       0.00 IRAUSD
  Assets:US:BayBook:Vacation                            5 VACHR
  Income:US:BayBook:Vacation                           -5 VACHR

2016-11-03 * "BayBook" "Payroll"
  Assets:US:BofA:Checking                         2550.60 USD
  Income:US:BayBook:Salary                       -4615.38 USD
  Income:US:BayBook:GroupTermLife                  -24.32 USD
  Expenses:Health:Life:GroupTermLife                24.32 USD
  Expenses:Health:Dental:Insurance                   2.90 USD
  Expenses:Health:Medical:Insurance                 27.38 USD
  Expenses:Health:Vision:Insurance                  42.30 USD
  Expenses:Taxes:Y2016:US:Medicare                 106.62 USD
  Expenses:Taxes:Y2016:US:Federal                 1062.92 USD
  Expenses:Taxes:Y2016:US:State                    365.08 USD
  Expenses:Taxes:Y2016:US:CityNYC                  174.92 USD
  Expenses:Taxes:Y2016:US:SDI                        1.12 USD
  Expenses:Taxes:Y2016:US:SocSec                   281.54 USD
  Assets:US:Federal:PreTax401k                       0.00 IRAUSD
  Assets:US:BayBook:Vacation                            5 VACHR
  Income:US:BayBook:Vacation                           -5 VACHR

2016-11-17 * "BayBook" "Payroll"
  Assets:US:BofA:Checking                         2550.60 USD
  Income:US:BayBook:Salary                       -4615.38 USD
  Income:US:BayBook:GroupTermLife                  -24.32 USD
  Expenses:Health:Life:GroupTermLife                24.32 USD
  Expenses:Health:Dental:Insurance                   2.90 USD
  Expenses:Health:Medical:Insurance                 27.38 USD
  Expenses:Health:Vision:Insurance                  42.30 USD
  Expenses:Taxes:Y2016:US:Medicare                 106.62 USD
  Expenses:Taxes:Y2016:US:Federal                 1062.92 USD
  Expenses:Taxes:Y2016:US:State                    365.08 USD
  Expenses:Taxes:Y2016:US:CityNYC                  174.92 USD
  Expenses:Taxes:Y2016:US:SDI                        1.12 USD
  Expenses:Taxes:Y2016:US:SocSec                   281.54 USD
  Assets:US:Federal:PreTax401k                       0.00 IRAUSD
  Assets:US:BayBook:Vacation                            5 VACHR
  Income:US:BayBook:Vacation                           -5 VACHR

2016-12-01 * "BayBook" "Payroll"
  Assets:US:BofA:Checking                         2550.60 USD
  Income:US:BayBook:Salary                       -4615.38 USD
  Income:US:BayBook:GroupTermLife                  -24.32 USD
  Expenses:Health:Life:GroupTermLife                24.32 USD
  Expenses:Health:Dental:Insurance                   2.90 USD
  Expenses:Health:Medical:Insurance                 27.38 USD
  Expenses:Health:Vision:Insurance                  42.30 USD
  Expenses:Taxes:Y2016:US:Medicare                 106.62 USD
  Expenses:Taxes:Y2016:US:Federal                 1062.92 USD
  Expenses:Taxes:Y2016:US:State                    365.08 USD
  Expenses:Taxes:Y2016:US:CityNYC                  174.92 USD
  Expenses:Taxes:Y2016:US:SDI                        1.12 USD
  Expenses:Taxes:Y2016:US:SocSec                   281.54 USD
  Assets:US:Federal:PreTax401k                       0.00 IRAUSD
  Assets:US:BayBook:Vacation                            5 VACHR
  Income:US:BayBook:Vacation                           -5 VACHR

2016-12-15 * "BayBook" "Payroll"
  Assets:US:BofA:Checking                         2589.06 USD
  Income:US:BayBook:Salary                       -4615.38 USD
  Income:US:BayBook:GroupTermLife                  -24.32 USD
  Expenses:Health:Life:GroupTermLife                24.32 USD
  Expenses:Health:Dental:Insurance                   2.90 USD
  Expenses:Health:Medical:Insurance                 27.38 USD
  Expenses:Health:Vision:Insurance                  42.30 USD
  Expenses:Taxes:Y2016:US:Medicare                 106.62 USD
  Expenses:Taxes:Y2016:US:Federal                 1062.92 USD
  Expenses:Taxes:Y2016:US:State                    365.08 USD
  Expenses:Taxes:Y2016:US:CityNYC                  174.92 USD
  Expenses:Taxes:Y2016:US:SDI                        1.12 USD
  Expenses:Taxes:Y2016:US:SocSec                   243.08 USD
  Assets:US:Federal:PreTax401k                       0.00 IRAUSD
  Assets:US:BayBook:Vacation                            5 VACHR
  Income:US:BayBook:Vacation                           -5 VACHR

2016-12-29 * "BayBook" "Payroll"
  Assets:US:BofA:Checking                         2832.14 USD
  Income:US:BayBook:Salary                       -4615.38 USD
  Income:US:BayBook:GroupTermLife                  -24.32 USD
  Expenses:Health:Life:GroupTermLife                24.32 USD
  Expenses:Health:Dental:Insurance                   2.90 USD
  Expenses:Health:Medical:Insurance                 27.38 USD
  Expenses:Health:Vision:Insurance                  42.30 USD
  Expenses:Taxes:Y2016:US:Medicare                 106.62 USD
  Expenses:Taxes:Y2016:US:Federal                 1062.92 USD
  Expenses:Taxes:Y2016:US:State                    365.08 USD
  Expenses:Taxes:Y2016:US:CityNYC                  174.92 USD
  Expenses:Taxes:Y2016:US:SDI                        1.12 USD
  Expenses:Taxes:Y2016:US:SocSec                     0.00 USD
  Assets:US:Federal:PreTax401k                       0.00 IRAUSD
  Assets:US:BayBook:Vacation                            5 VACHR
  Income:US:BayBook:Vacation                           -5 VACHR

2017-01-12 * "BayBook" "Payroll"
  Assets:US:BofA:Checking                         1350.60 USD
  Assets:US:Vanguard:Cash                         1200.00 USD
  Income:US:BayBook:Salary                       -4615.38 USD
  Income:US:BayBook:GroupTermLife                  -24.32 USD
  Expenses:Health:Life:GroupTermLife                24.32 USD
  Expenses:Health:Dental:Insurance                   2.90 USD
  Expenses:Health:Medical:Insurance                 27.38 USD
  Expenses:Health:Vision:Insurance                  42.30 USD
  Expenses:Taxes:Y2017:US:Medicare                 106.62 USD
  Expenses:Taxes:Y2017:US:Federal                 1062.92 USD
  Expenses:Taxes:Y2017:US:State                    365.08 USD
  Expenses:Taxes:Y2017:US:CityNYC                  174.92 USD
  Expenses:Taxes:Y2017:US:SDI                        1.12 USD
  Expenses:Taxes:Y2017:US:SocSec                   281.54 USD
  Assets:US:Federal:PreTax401k                   -1200.00 IRAUSD
  Expenses:Taxes:Y2017:US:Federal:PreTax401k      1200.00 IRAUSD
  Assets:US:BayBook:Vacation                            5 VACHR
  Income:US:BayBook:Vacation                           -5 VACHR

2017-01-26 * "BayBook" "Payroll"
  Assets:US:BofA:Checking                         1350.60 USD
  Assets:US:Vanguard:Cash                         1200.00 USD
  Income:US:BayBook:Salary                       -4615.38 USD
  Income:US:BayBook:GroupTermLife                  -24.32 USD
  Expenses:Health:Life:GroupTermLife                24.32 USD
  Expenses:Health:Dental:Insurance                   2.90 USD
  Expenses:Health:Medical:Insurance                 27.38 USD
  Expenses:Health:Vision:Insurance                  42.30 USD
  Expenses:Taxes:Y2017:US:Medicare                 106.62 USD
  Expenses:Taxes:Y2017:US:Federal                 1062.92 USD
  Expenses:Taxes:Y2017:US:State                    365.08 USD
  Expenses:Taxes:Y2017:US:CityNYC                  174.92 USD
  Expenses:Taxes:Y2017:US:SDI                        1.12 USD
  Expenses:Taxes:Y2017:US:SocSec                   281.54 USD
  Assets:US:Federal:PreTax401k                   -1200.00 IRAUSD
  Expenses:Taxes:Y2017:US:Federal:PreTax401k      1200.00 IRAUSD
  Assets:US:BayBook:Vacation                            5 VACHR
  Income:US:BayBook:Vacation                           -5 VACHR

2017-02-09 * "BayBook" "Payroll"
  Assets:US:BofA:Checking                         1350.60 USD
  Assets:US:Vanguard:Cash                         1200.00 USD
  Income:US:BayBook:Salary                       -4615.38 USD
  Income:US:BayBook:GroupTermLife                  -24.32 USD
  Expenses:Health:Life:GroupTermLife                24.32 USD
  Expenses:Health:Dental:Insurance                   2.90 USD
  Expenses:Health:Medical:Insurance                 27.38 USD
  Expenses:Health:Vision:Insurance                  42.30 USD
  Expenses:Taxes:Y2017:US:Medicare                 106.62 USD
  Expenses:Taxes:Y2017:US:Federal                 1062.92 USD
  Expenses:Taxes:Y2017:US:State                    365.08 USD
  Expenses:Taxes:Y2017:US:CityNYC                  174.92 USD
  Expenses:Taxes:Y2017:US:SDI                        1.12 USD
  Expenses:Taxes:Y2017:US:SocSec                   281.54 USD
  Assets:US:Federal:PreTax401k                   -1200.00 IRAUSD
  Expenses:Taxes:Y2017:US:Federal:PreTax401k      1200.00 IRAUSD
  Assets:US:BayBook:Vacation                            5 VACHR
  Income:US:BayBook:Vacation                           -5 VACHR

2017-02-23 * "BayBook" "Payroll"
  Assets:US:BofA:Checking                         1350.60 USD
  Assets:US:Vanguard:Cash                         1200.00 USD
  Income:US:BayBook:Salary                       -4615.38 USD
  Income:US:BayBook:GroupTermLife                  -24.32 USD
  Expenses:Health:Life:GroupTermLife                24.32 USD
  Expenses:Health:Dental:Insurance                   2.90 USD
  Expenses:Health:Medical:Insurance                 27.38 USD
  Expenses:Health:Vision:Insurance                  42.30 USD
  Expenses:Taxes:Y2017:US:Medicare                 106.62 USD
  Expenses:Taxes:Y2017:US:Federal                 1062.92 USD
  Expenses:Taxes:Y2017:US:State                    365.08 USD
  Expenses:Taxes:Y2017:US:CityNYC                  174.92 USD
  Expenses:Taxes:Y2017:US:SDI                        1.12 USD
  Expenses:Taxes:Y2017:US:SocSec                   281.54 USD
  Assets:US:Federal:PreTax401k                   -1200.00 IRAUSD
  Expenses:Taxes:Y2017:US:Federal:PreTax401k      1200.00 IRAUSD
  Assets:US:BayBook:Vacation                            5 VACHR
  Income:US:BayBook:Vacation                           -5 VACHR

2017-03-09 * "BayBook" "Payroll"
  Assets:US:BofA:Checking                         1350.60 USD
  Assets:US:Vanguard:Cash                         1200.00 USD
  Income:US:BayBook:Salary                       -4615.38 USD
  Income:US:BayBook:GroupTermLife                  -24.32 USD
  Expenses:Health:Life:GroupTermLife                24.32 USD
  Expenses:Health:Dental:Insurance                   2.90 USD
  Expenses:Health:Medical:Insurance                 27.38 USD
  Expenses:Health:Vision:Insurance                  42.30 USD
  Expenses:Taxes:Y2017:US:Medicare                 106.62 USD
  Expenses:Taxes:Y2017:US:Federal                 1062.92 USD
  Expenses:Taxes:Y2017:US:State                    365.08 USD
  Expenses:Taxes:Y2017:US:CityNYC                  174.92 USD
  Expenses:Taxes:Y2017:US:SDI                        1.12 USD
  Expenses:Taxes:Y2017:US:SocSec                   281.54 USD
  Assets:US:Federal:PreTax401k                   -1200.00 IRAUSD
  Expenses:Taxes:Y2017:US:Federal:PreTax401k      1200.00 IRAUSD
  Assets:US:BayBook:Vacation                            5 VACHR
  Income:US:BayBook:Vacation                           -5 VACHR

2017-03-23 * "BayBook" "Payroll"
  Assets:US:BofA:Checking                         1350.60 USD
  Assets:US:Vanguard:Cash                         1200.00 USD
  Income:US:BayBook:Salary                       -4615.38 USD
  Income:US:BayBook:GroupTermLife                  -24.32 USD
  Expenses:Health:Life:GroupTermLife                24.32 USD
  Expenses:Health:Dental:Insurance                   2.90 USD
  Expenses:Health:Medical:Insurance                 27.38 USD
  Expenses:Health:Vision:Insurance                  42.30 USD
  Expenses:Taxes:Y2017:US:Medicare                 106.62 USD
  Expenses:Taxes:Y2017:US:Federal                 1062.92 USD
  Expenses:Taxes:Y2017:US:State                    365.08 USD
  Expenses:Taxes:Y2017:US:CityNYC                  174.92 USD
  Expenses:Taxes:Y2017:US:SDI                        1.12 USD
  Expenses:Taxes:Y2017:US:SocSec                   281.54 USD
  Assets:US:Federal:PreTax401k                   -1200.00 IRAUSD
  Expenses:Taxes:Y2017:US:Federal:PreTax401k      1200.00 IRAUSD
  Assets:US:BayBook:Vacation                            5 VACHR
  Income:US:BayBook:Vacation                           -5 VACHR

2017-04-06 * "BayBook" "Payroll"
  Assets:US:BofA:Checking                         1350.60 USD
  Assets:US:Vanguard:Cash                         1200.00 USD
  Income:US:BayBook:Salary                       -4615.38 USD
  Income:US:BayBook:GroupTermLife                  -24.32 USD
  Expenses:Health:Life:GroupTermLife                24.32 USD
  Expenses:Health:Dental:Insurance                   2.90 USD
  Expenses:Health:Medical:Insurance                 27.38 USD
  Expenses:Health:Vision:Insurance                  42.30 USD
  Expenses:Taxes:Y2017:US:Medicare                 106.62 USD
  Expenses:Taxes:Y2017:US:Federal                 1062.92 USD
  Expenses:Taxes:Y2017:US:State                    365.08 USD
  Expenses:Taxes:Y2017:US:CityNYC                  174.92 USD
  Expenses:Taxes:Y2017:US:SDI                        1.12 USD
  Expenses:Taxes:Y2017:US:SocSec                   281.54 USD
  Assets:US:Federal:PreTax401k                   -1200.00 IRAUSD
  Expenses:Taxes:Y2017:US:Federal:PreTax401k      1200.00 IRAUSD
  Assets:US:BayBook:Vacation                            5 VACHR
  Income:US:BayBook:Vacation                           -5 VACHR

2017-04-20 * "BayBook" "Payroll"
  Assets:US:BofA:Checking                         1350.60 USD
  Assets:US:Vanguard:Cash                         1200.00 USD
  Income:US:BayBook:Salary                       -4615.38 USD
  Income:US:BayBook:GroupTermLife                  -24.32 USD
  Expenses:Health:Life:GroupTermLife                24.32 USD
  Expenses:Health:Dental:Insurance                   2.90 USD
  Expenses:Health:Medical:Insurance                 27.38 USD
  Expenses:Health:Vision:Insurance                  42.30 USD
  Expenses:Taxes:Y2017:US:Medicare                 106.62 USD
  Expenses:Taxes:Y2017:US:Federal                 1062.92 USD
  Expenses:Taxes:Y2017:US:State                    365.08 USD
  Expenses:Taxes:Y2017:US:CityNYC                  174.92 USD
  Expenses:Taxes:Y2017:US:SDI                        1.12 USD
  Expenses:Taxes:Y2017:US:SocSec                   281.54 USD
  Assets:US:Federal:PreTax401k                   -1200.00 IRAUSD
  Expenses:Taxes:Y2017:US:Federal:PreTax401k      1200.00 IRAUSD
  Assets:US:BayBook:Vacation                            5 VACHR
  Income:US:BayBook:Vacation                           -5 VACHR

2017-05-04 * "BayBook" "Payroll"
  Assets:US:BofA:Checking                         1350.60 USD
  Assets:US:Vanguard:Cash                         1200.00 USD
  Income:US:BayBook:Salary                       -4615.38 USD
  Income:US:BayBook:GroupTermLife                  -24.32 USD
  Expenses:Health:Life:GroupTermLife                24.32 USD
  Expenses:Health:Dental:Insurance                   2.90 USD
  Expenses:Health:Medical:Insurance                 27.38 USD
  Expenses:Health:Vision:Insurance                  42.30 USD
  Expenses:Taxes:Y2017:US:Medicare                 106.62 USD
  Expenses:Taxes:Y2017:US:Federal                 1062.92 USD
  Expenses:Taxes:Y2017:US:State                    365.08 USD
  Expenses:Taxes:Y2017:US:CityNYC                  174.92 USD
  Expenses:Taxes:Y2017:US:SDI                        1.12 USD
  Expenses:Taxes:Y2017:US:SocSec                   281.54 USD
  Assets:US:Federal:PreTax401k                   -1200.00 IRAUSD
  Expenses:Taxes:Y2017:US:Federal:PreTax401k      1200.00 IRAUSD
  Assets:US:BayBook:Vacation                            5 VACHR
  Income:US:BayBook:Vacation                           -5 VACHR

2017-05-18 * "BayBook" "Payroll"
  Assets:US:BofA:Checking                         1350.60 USD
  Assets:US:Vanguard:Cash                         1200.00 USD
  Income:US:BayBook:Salary                       -4615.38 USD
  Income:US:BayBook:GroupTermLife                  -24.32 USD
  Expenses:Health:Life:GroupTermLife                24.32 USD
  Expenses:Health:Dental:Insurance                   2.90 USD
  Expenses:Health:Medical:Insurance                 27.38 USD
  Expenses:Health:Vision:Insurance                  42.30 USD
  Expenses:Taxes:Y2017:US:Medicare                 106.62 USD
  Expenses:Taxes:Y2017:US:Federal                 1062.92 USD
  Expenses:Taxes:Y2017:US:State                    365.08 USD
  Expenses:Taxes:Y2017:US:CityNYC                  174.92 USD
  Expenses:Taxes:Y2017:US:SDI                        1.12 USD
  Expenses:Taxes:Y2017:US:SocSec                   281.54 USD
  Assets:US:Federal:PreTax401k                   -1200.00 IRAUSD
  Expenses:Taxes:Y2017:US:Federal:PreTax401k      1200.00 IRAUSD
  Assets:US:BayBook:Vacation                            5 VACHR
  Income:US:BayBook:Vacation                           -5 VACHR

2017-06-01 * "BayBook" "Payroll"
  Assets:US:BofA:Checking                         1350.60 USD
  Assets:US:Vanguard:Cash                         1200.00 USD
  Income:US:BayBook:Salary                       -4615.38 USD
  Income:US:BayBook:GroupTermLife                  -24.32 USD
  Expenses:Health:Life:GroupTermLife                24.32 USD
  Expenses:Health:Dental:Insurance                   2.90 USD
  Expenses:Health:Medical:Insurance                 27.38 USD
  Expenses:Health:Vision:Insurance                  42.30 USD
  Expenses:Taxes:Y2017:US:Medicare                 106.62 USD
  Expenses:Taxes:Y2017:US:Federal                 1062.92 USD
  Expenses:Taxes:Y2017:US:State                    365.08 USD
  Expenses:Taxes:Y2017:US:CityNYC                  174.92 USD
  Expenses:Taxes:Y2017:US:SDI                        1.12 USD
  Expenses:Taxes:Y2017:US:SocSec                   281.54 USD
  Assets:US:Federal:PreTax401k                   -1200.00 IRAUSD
  Expenses:Taxes:Y2017:US:Federal:PreTax401k      1200.00 IRAUSD
  Assets:US:BayBook:Vacation                            5 VACHR
  Income:US:BayBook:Vacation                           -5 VACHR

2017-06-15 * "BayBook" "Payroll"
  Assets:US:BofA:Checking                         1350.60 USD
  Assets:US:Vanguard:Cash                         1200.00 USD
  Income:US:BayBook:Salary                       -4615.38 USD
  Income:US:BayBook:GroupTermLife                  -24.32 USD
  Expenses:Health:Life:GroupTermLife                24.32 USD
  Expenses:Health:Dental:Insurance                   2.90 USD
  Expenses:Health:Medical:Insurance                 27.38 USD
  Expenses:Health:Vision:Insurance                  42.30 USD
  Expenses:Taxes:Y2017:US:Medicare                 106.62 USD
  Expenses:Taxes:Y2017:US:Federal                 1062.92 USD
  Expenses:Taxes:Y2017:US:State                    365.08 USD
  Expenses:Taxes:Y2017:US:CityNYC                  174.92 USD
  Expenses:Taxes:Y2017:US:SDI                        1.12 USD
  Expenses:Taxes:Y2017:US:SocSec                   281.54 USD
  Assets:US:Federal:PreTax401k                   -1200.00 IRAUSD
  Expenses:Taxes:Y2017:US:Federal:PreTax401k      1200.00 IRAUSD
  Assets:US:BayBook:Vacation                            5 VACHR
  Income:US:BayBook:Vacation                           -5 VACHR

2017-06-29 * "BayBook" "Payroll"
  Assets:US:BofA:Checking                         1350.60 USD
  Assets:US:Vanguard:Cash                         1200.00 USD
  Income:US:BayBook:Salary                       -4615.38 USD
  Income:US:BayBook:GroupTermLife                  -24.32 USD
  Expenses:Health:Life:GroupTermLife                24.32 USD
  Expenses:Health:Dental:Insurance                   2.90 USD
  Expenses:Health:Medical:Insurance                 27.38 USD
  Expenses:Health:Vision:Insurance                  42.30 USD
  Expenses:Taxes:Y2017:US:Medicare                 106.62 USD
  Expenses:Taxes:Y2017:US:Federal                 1062.92 USD
  Expenses:Taxes:Y2017:US:State                    365.08 USD
  Expenses:Taxes:Y2017:US:CityNYC                  174.92 USD
  Expenses:Taxes:Y2017:US:SDI                        1.12 USD
  Expenses:Taxes:Y2017:US:SocSec                   281.54 USD
  Assets:US:Federal:PreTax401k                   -1200.00 IRAUSD
  Expenses:Taxes:Y2017:US:Federal:PreTax401k      1200.00 IRAUSD
  Assets:US:BayBook:Vacation                            5 VACHR
  Income:US:BayBook:Vacation                           -5 VACHR

2017-07-13 * "BayBook" "Payroll"
  Assets:US:BofA:Checking                         1350.60 USD
  Assets:US:Vanguard:Cash                         1200.00 USD
  Income:US:BayBook:Salary                       -4615.38 USD
  Income:US:BayBook:GroupTermLife                  -24.32 USD
  Expenses:Health:Life:GroupTermLife                24.32 USD
  Expenses:Health:Dental:Insurance                   2.90 USD
  Expenses:Health:Medical:Insurance                 27.38 USD
  Expenses:Health:Vision:Insurance                  42.30 USD
  Expenses:Taxes:Y2017:US:Medicare                 106.62 USD
  Expenses:Taxes:Y2017:US:Federal                 1062.92 USD
  Expenses:Taxes:Y2017:US:State                    365.08 USD
  Expenses:Taxes:Y2017:US:CityNYC                  174.92 USD
  Expenses:Taxes:Y2017:US:SDI                        1.12 USD
  Expenses:Taxes:Y2017:US:SocSec                   281.54 USD
  Assets:US:Federal:PreTax401k                   -1200.00 IRAUSD
  Expenses:Taxes:Y2017:US:Federal:PreTax401k      1200.00 IRAUSD
  Assets:US:BayBook:Vacation                            5 VACHR
  Income:US:BayBook:Vacation                           -5 VACHR

2017-07-27 * "BayBook" "Payroll"
  Assets:US:BofA:Checking                         1350.60 USD
  Assets:US:Vanguard:Cash                         1200.00 USD
  Income:US:BayBook:Salary                       -4615.38 USD
  Income:US:BayBook:GroupTermLife                  -24.32 USD
  Expenses:Health:Life:GroupTermLife                24.32 USD
  Expenses:Health:Dental:Insurance                   2.90 USD
  Expenses:Health:Medical:Insurance                 27.38 USD
  Expenses:Health:Vision:Insurance                  42.30 USD
  Expenses:Taxes:Y2017:US:Medicare                 106.62 USD
  Expenses:Taxes:Y2017:US:Federal                 1062.92 USD
  Expenses:Taxes:Y2017:US:State                    365.08 USD
  Expenses:Taxes:Y2017:US:CityNYC                  174.92 USD
  Expenses:Taxes:Y2017:US:SDI                        1.12 USD
  Expenses:Taxes:Y2017:US:SocSec                   281.54 USD
  Assets:US:Federal:PreTax401k                   -1200.00 IRAUSD
  Expenses:Taxes:Y2017:US:Federal:PreTax401k      1200.00 IRAUSD
  Assets:US:BayBook:Vacation                            5 VACHR
  Income:US:BayBook:Vacation                           -5 VACHR

2017-08-10 * "BayBook" "Payroll"
  Assets:US:BofA:Checking                         2050.60 USD
  Assets:US:Vanguard:Cash                          500.00 USD
  Income:US:BayBook:Salary                       -4615.38 USD
  Income:US:BayBook:GroupTermLife                  -24.32 USD
  Expenses:Health:Life:GroupTermLife                24.32 USD
  Expenses:Health:Dental:Insurance                   2.90 USD
  Expenses:Health:Medical:Insurance                 27.38 USD
  Expenses:Health:Vision:Insurance                  42.30 USD
  Expenses:Taxes:Y2017:US:Medicare                 106.62 USD
  Expenses:Taxes:Y2017:US:Federal                 1062.92 USD
  Expenses:Taxes:Y2017:US:State                    365.08 USD
  Expenses:Taxes:Y2017:US:CityNYC                  174.92 USD
  Expenses:Taxes:Y2017:US:SDI                        1.12 USD
  Expenses:Taxes:Y2017:US:SocSec                   281.54 USD
  Assets:US:Federal:PreTax401k                    -500.00 IRAUSD
  Expenses:Taxes:Y2017:US:Federal:PreTax401k       500.00 IRAUSD
  Assets:US:BayBook:Vacation                            5 VACHR
  Income:US:BayBook:Vacation                           -5 VACHR

2017-08-24 * "BayBook" "Payroll"
  Assets:US:BofA:Checking                         2550.60 USD
  Income:US:BayBook:Salary                       -4615.38 USD
  Income:US:BayBook:GroupTermLife                  -24.32 USD
  Expenses:Health:Life:GroupTermLife                24.32 USD
  Expenses:Health:Dental:Insurance                   2.90 USD
  Expenses:Health:Medical:Insurance                 27.38 USD
  Expenses:Health:Vision:Insurance                  42.30 USD
  Expenses:Taxes:Y2017:US:Medicare                 106.62 USD
  Expenses:Taxes:Y2017:US:Federal                 1062.92 USD
  Expenses:Taxes:Y2017:US:State                    365.08 USD
  Expenses:Taxes:Y2017:US:CityNYC                  174.92 USD
  Expenses:Taxes:Y2017:US:SDI                        1.12 USD
  Expenses:Taxes:Y2017:US:SocSec                   281.54 USD
  Assets:US:Federal:PreTax401k                       0.00 IRAUSD
  Assets:US:BayBook:Vacation                            5 VACHR
  Income:US:BayBook:Vacation                           -5 VACHR

2017-09-07 * "BayBook" "Payroll"
  Assets:US:BofA:Checking                         2550.60 USD
  Income:US:BayBook:Salary                       -4615.38 USD
  Income:US:BayBook:GroupTermLife                  -24.32 USD
  Expenses:Health:Life:GroupTermLife                24.32 USD
  Expenses:Health:Dental:Insurance                   2.90 USD
  Expenses:Health:Medical:Insurance                 27.38 USD
  Expenses:Health:Vision:Insurance                  42.30 USD
  Expenses:Taxes:Y2017:US:Medicare                 106.62 USD
  Expenses:Taxes:Y2017:US:Federal                 1062.92 USD
  Expenses:Taxes:Y2017:US:State                    365.08 USD
  Expenses:Taxes:Y2017:US:CityNYC                  174.92 USD
  Expenses:Taxes:Y2017:US:SDI                        1.12 USD
  Expenses:Taxes:Y2017:US:SocSec                   281.54 USD
  Assets:US:Federal:PreTax401k                       0.00 IRAUSD
  Assets:US:BayBook:Vacation                            5 VACHR
  Income:US:BayBook:Vacation                           -5 VACHR



* Taxes

1980-05-12 open Income:US:Federal:PreTax401k                    IRAUSD
1980-05-12 open Assets:US:Federal:PreTax401k                    IRAUSD



** Tax Year 2015

2015-01-01 open Expenses:Taxes:Y2015:US:Federal:PreTax401k      IRAUSD
2015-01-01 open Expenses:Taxes:Y2015:US:Medicare                USD
2015-01-01 open Expenses:Taxes:Y2015:US:Federal                 USD
2015-01-01 open Expenses:Taxes:Y2015:US:CityNYC                 USD
2015-01-01 open Expenses:Taxes:Y2015:US:SDI                     USD
2015-01-01 open Expenses:Taxes:Y2015:US:State                   USD
2015-01-01 open Expenses:Taxes:Y2015:US:SocSec                  USD

2015-01-01 balance Assets:US:Federal:PreTax401k         0 IRAUSD

2015-01-01 * "Allowed contributions for one year"
  Income:US:Federal:PreTax401k                     -18000 IRAUSD
  Assets:US:Federal:PreTax401k                      18000 IRAUSD

2016-03-25 * "Filing taxes for 2015"
  Expenses:Taxes:Y2015:US:Federal                  316.96 USD
  Expenses:Taxes:Y2015:US:State                    341.51 USD
  Liabilities:AccountsPayable                     -658.47 USD

2016-03-26 * "STATE TAX & FINANC PYMT"
  Assets:US:BofA:Checking                         -341.51 USD
  Liabilities:AccountsPayable                      341.51 USD

2016-03-28 * "FEDERAL TAXPYMT"
  Assets:US:BofA:Checking                         -316.96 USD
  Liabilities:AccountsPayable                      316.96 USD



** Tax Year 2016

2016-01-01 open Expenses:Taxes:Y2016:US:Federal:PreTax401k      IRAUSD
2016-01-01 open Expenses:Taxes:Y2016:US:Medicare                USD
2016-01-01 open Expenses:Taxes:Y2016:US:Federal                 USD
2016-01-01 open Expenses:Taxes:Y2016:US:CityNYC                 USD
2016-01-01 open Expenses:Taxes:Y2016:US:SDI                     USD
2016-01-01 open Expenses:Taxes:Y2016:US:State                   USD
2016-01-01 open Expenses:Taxes:Y2016:US:SocSec                  USD

2016-01-01 balance Assets:US:Federal:PreTax401k         0 IRAUSD

2016-01-01 * "Allowed contributions for one year"
  Income:US:Federal:PreTax401k                     -18000 IRAUSD
  Assets:US:Federal:PreTax401k                      18000 IRAUSD

2017-03-20 * "Filing taxes for 2016"
  Expenses:Taxes:Y2016:US:Federal                  421.57 USD
  Expenses:Taxes:Y2016:US:State                    431.01 USD
  Liabilities:AccountsPayable                     -852.58 USD

2017-03-22 * "FEDERAL TAXPYMT"
  Assets:US:BofA:Checking                         -421.57 USD
  Liabilities:AccountsPayable                      421.57 USD

2017-03-24 * "STATE TAX & FINANC PYMT"
  Assets:US:BofA:Checking                         -431.01 USD
  Liabilities:AccountsPayable                      431.01 USD



** Tax Year 2017

2017-01-01 open Expenses:Taxes:Y2017:US:Federal:PreTax401k      IRAUSD
2017-01-01 open Expenses:Taxes:Y2017:US:Medicare                USD
2017-01-01 open Expenses:Taxes:Y2017:US:Federal                 USD
2017-01-01 open Expenses:Taxes:Y2017:US:CityNYC                 USD
2017-01-01 open Expenses:Taxes:Y2017:US:SDI                     USD
2017-01-01 open Expenses:Taxes:Y2017:US:State                   USD
2017-01-01 open Expenses:Taxes:Y2017:US:SocSec                  USD

2017-01-01 balance Assets:US:Federal:PreTax401k         0 IRAUSD

2017-01-01 * "Allowed contributions for one year"
  Income:US:Federal:PreTax401k                     -18500 IRAUSD
  Assets:US:Federal:PreTax401k                      18500 IRAUSD



* Expenses

1980-05-12 open Expenses:Food:Groceries
1980-05-12 open Expenses:Food:Restaurant
1980-05-12 open Expenses:Food:Coffee
1980-05-12 open Expenses:Food:Alcohol
1980-05-12 open Expenses:Transport:Tram
1980-05-12 open Expenses:Home:Rent
1980-05-12 open Expenses:Home:Electricity
1980-05-12 open Expenses:Home:Internet
1980-05-12 open Expenses:Home:Phone
1980-05-12 open Expenses:Financial:Fees
1980-05-12 open Expenses:Financial:Commissions

* Budgets
2015-01-01 custom "budget" Expenses:Financial:Commissions "monthly" 15.00 USD
2015-01-01 custom "budget" Expenses:Financial:Fees "monthly" 4.00 USD
2015-01-01 custom "budget" Expenses:Food:Alcohol "monthly" 10.00 USD
2015-01-01 custom "budget" Expenses:Food:Coffee "monthly" 10.00 USD
2015-01-01 custom "budget" Expenses:Food:Groceries "monthly" 200.00 USD
2015-01-01 custom "budget" Expenses:Food:Restaurant "monthly" 450.00 USD

* Prices

2015-01-02 price VBMPX                              49.22 USD
2015-01-02 price RGAGX                              65.13 USD
2015-01-02 price ITOT                              170.52 USD
2015-01-02 price VEA                               171.33 USD
2015-01-02 price VHT                                95.25 USD
2015-01-02 price GLD                                60.95 USD
2015-01-09 price VBMPX                              49.39 USD
2015-01-09 price RGAGX                              66.11 USD
2015-01-09 price ITOT                              169.77 USD
2015-01-09 price VEA                               171.29 USD
2015-01-09 price VHT                                94.76 USD
2015-01-09 price GLD                                61.69 USD
2015-01-16 price VBMPX                              49.54 USD
2015-01-16 price RGAGX                              64.62 USD
2015-01-16 price ITOT                              170.16 USD
2015-01-16 price VEA                               175.22 USD
2015-01-16 price VHT                                95.01 USD
2015-01-16 price GLD                                62.23 USD
2015-01-23 price VBMPX                              49.60 USD
2015-01-23 price RGAGX                              62.39 USD
2015-01-23 price ITOT                              169.75 USD
2015-01-23 price VEA                               176.93 USD
2015-01-23 price VHT                                94.78 USD
2015-01-23 price GLD                                61.73 USD
2015-01-30 price VBMPX                              49.77 USD
2015-01-30 price RGAGX                              63.29 USD
2015-01-30 price ITOT                              169.59 USD
2015-01-30 price VEA                               177.69 USD
2015-01-30 price VHT                                93.35 USD
2015-01-30 price GLD                                62.65 USD
2015-02-06 price VBMPX                              49.97 USD
2015-02-06 price RGAGX                              66.32 USD
2015-02-06 price ITOT                              171.79 USD
2015-02-06 price VEA                               178.62 USD
2015-02-06 price VHT                                92.38 USD
2015-02-06 price GLD                                63.30 USD
2015-02-13 price VBMPX                              49.80 USD
2015-02-13 price RGAGX                              66.39 USD
2015-02-13 price ITOT                              168.98 USD
2015-02-13 price VEA                               176.47 USD
2015-02-13 price VHT                                92.24 USD
2015-02-13 price GLD                                62.12 USD
2015-02-20 price VBMPX                              50.65 USD
2015-02-20 price RGAGX                              65.88 USD
2015-02-20 price ITOT                              170.58 USD
2015-02-20 price VEA                               177.86 USD
2015-02-20 price VHT                                92.90 USD
2015-02-20 price GLD                                61.92 USD
2015-02-27 price VBMPX                              50.95 USD
2015-02-27 price RGAGX                              65.34 USD
2015-02-27 price ITOT                              172.27 USD
2015-02-27 price VEA                               179.11 USD
2015-02-27 price VHT                                90.72 USD
2015-02-27 price GLD                                61.67 USD
2015-03-06 price VBMPX                              51.38 USD
2015-03-06 price RGAGX                              66.95 USD
2015-03-06 price ITOT                              171.27 USD
2015-03-06 price VEA                               180.99 USD
2015-03-06 price VHT                                90.83 USD
2015-03-06 price GLD                                60.21 USD
2015-03-13 price VBMPX                              51.11 USD
2015-03-13 price RGAGX                              67.57 USD
2015-03-13 price ITOT                              171.41 USD
2015-03-13 price VEA                               178.84 USD
2015-03-13 price VHT                                90.13 USD
2015-03-13 price GLD                                59.92 USD
2015-03-20 price VBMPX                              52.19 USD
2015-03-20 price RGAGX                              67.08 USD
2015-03-20 price ITOT                              170.51 USD
2015-03-20 price VEA                               177.61 USD
2015-03-20 price VHT                                89.43 USD
2015-03-20 price GLD                                61.06 USD
2015-03-27 price VBMPX                              52.42 USD
2015-03-27 price RGAGX                              66.33 USD
2015-03-27 price ITOT                              170.41 USD
2015-03-27 price VEA                               178.52 USD
2015-03-27 price VHT                                90.97 USD
2015-03-27 price GLD                                61.02 USD
2015-04-03 price VBMPX                              52.66 USD
2015-04-03 price RGAGX                              66.77 USD
2015-04-03 price ITOT                              170.93 USD
2015-04-03 price VEA                               180.07 USD
2015-04-03 price VHT                                91.56 USD
2015-04-03 price GLD                                60.91 USD
2015-04-10 price VBMPX                              52.50 USD
2015-04-10 price RGAGX                              68.25 USD
2015-04-10 price ITOT                              170.13 USD
2015-04-10 price VEA                               182.20 USD
2015-04-10 price VHT                                94.09 USD
2015-04-10 price GLD                                60.97 USD
2015-04-17 price VBMPX                              52.31 USD
2015-04-17 price RGAGX                              68.00 USD
2015-04-17 price ITOT                              170.56 USD
2015-04-17 price VEA                               182.63 USD
2015-04-17 price VHT                                94.49 USD
2015-04-17 price GLD                                60.73 USD
2015-04-24 price VBMPX                              52.92 USD
2015-04-24 price RGAGX                              66.30 USD
2015-04-24 price ITOT                              169.15 USD
2015-04-24 price VEA                               182.47 USD
2015-04-24 price VHT                                94.78 USD
2015-04-24 price GLD                                60.38 USD
2015-05-01 price VBMPX                              52.82 USD
2015-05-01 price RGAGX                              65.03 USD
2015-05-01 price ITOT                              168.29 USD
2015-05-01 price VEA                               183.31 USD
2015-05-01 price VHT                                92.51 USD
2015-05-01 price GLD                                61.37 USD
2015-05-08 price VBMPX                              53.13 USD
2015-05-08 price RGAGX                              65.31 USD
2015-05-08 price ITOT                              168.84 USD
2015-05-08 price VEA                               184.48 USD
2015-05-08 price VHT                                92.38 USD
2015-05-08 price GLD                                62.28 USD
2015-05-15 price VBMPX                              53.08 USD
2015-05-15 price RGAGX                              64.36 USD
2015-05-15 price ITOT                              170.36 USD
2015-05-15 price VEA                               185.70 USD
2015-05-15 price VHT                                91.67 USD
2015-05-15 price GLD                                61.90 USD
2015-05-22 price VBMPX                              53.06 USD
2015-05-22 price RGAGX                              62.66 USD
2015-05-22 price ITOT                              169.29 USD
2015-05-22 price VEA                               188.22 USD
2015-05-22 price VHT                                90.33 USD
2015-05-22 price GLD                                62.97 USD
2015-05-29 price VBMPX                              52.91 USD
2015-05-29 price RGAGX                              65.72 USD
2015-05-29 price ITOT                              169.82 USD
2015-05-29 price VEA                               188.15 USD
2015-05-29 price VHT                                90.04 USD
2015-05-29 price GLD                                62.95 USD
2015-06-05 price VBMPX                              53.53 USD
2015-06-05 price RGAGX                              66.43 USD
2015-06-05 price ITOT                              169.00 USD
2015-06-05 price VEA                               189.86 USD
2015-06-05 price VHT                                90.08 USD
2015-06-05 price GLD                                63.39 USD
2015-06-12 price VBMPX                              53.59 USD
2015-06-12 price RGAGX                              65.35 USD
2015-06-12 price ITOT                              167.64 USD
2015-06-12 price VEA                               191.07 USD
2015-06-12 price VHT                                89.62 USD
2015-06-12 price GLD                                64.32 USD
2015-06-19 price VBMPX                              53.17 USD
2015-06-19 price RGAGX                              65.25 USD
2015-06-19 price ITOT                              168.42 USD
2015-06-19 price VEA                               189.74 USD
2015-06-19 price VHT                                90.07 USD
2015-06-19 price GLD                                65.82 USD
2015-06-26 price VBMPX                              53.00 USD
2015-06-26 price RGAGX                              64.12 USD
2015-06-26 price ITOT                              165.46 USD
2015-06-26 price VEA                               192.10 USD
2015-06-26 price VHT                                91.58 USD
2015-06-26 price GLD                                65.34 USD
2015-07-03 price VBMPX                              53.30 USD
2015-07-03 price RGAGX                              65.70 USD
2015-07-03 price ITOT                              166.06 USD
2015-07-03 price VEA                               191.73 USD
2015-07-03 price VHT                                91.91 USD
2015-07-03 price GLD                                64.61 USD
2015-07-10 price VBMPX                              53.36 USD
2015-07-10 price RGAGX                              66.57 USD
2015-07-10 price ITOT                              166.67 USD
2015-07-10 price VEA                               192.72 USD
2015-07-10 price VHT                                93.32 USD
2015-07-10 price GLD                                65.91 USD
2015-07-17 price VBMPX                              53.86 USD
2015-07-17 price RGAGX                              65.82 USD
2015-07-17 price ITOT                              166.31 USD
2015-07-17 price VEA                               193.72 USD
2015-07-17 price VHT                                93.25 USD
2015-07-17 price GLD                                66.04 USD
2015-07-24 price VBMPX                              54.03 USD
2015-07-24 price RGAGX                              67.69 USD
2015-07-24 price ITOT                              164.10 USD
2015-07-24 price VEA                               193.27 USD
2015-07-24 price VHT                                94.23 USD
2015-07-24 price GLD                                66.41 USD
2015-07-31 price VBMPX                              53.69 USD
2015-07-31 price RGAGX                              69.35 USD
2015-07-31 price ITOT                              165.00 USD
2015-07-31 price VEA                               193.37 USD
2015-07-31 price VHT                                94.55 USD
2015-07-31 price GLD                                65.86 USD
2015-08-07 price VBMPX                              53.96 USD
2015-08-07 price RGAGX                              69.23 USD
2015-08-07 price ITOT                              165.20 USD
2015-08-07 price VEA                               194.59 USD
2015-08-07 price VHT                                92.34 USD
2015-08-07 price GLD                                64.30 USD
2015-08-14 price VBMPX                              54.02 USD
2015-08-14 price RGAGX                              69.12 USD
2015-08-14 price ITOT                              167.22 USD
2015-08-14 price VEA                               195.61 USD
2015-08-14 price VHT                                92.09 USD
2015-08-14 price GLD                                62.71 USD
2015-08-21 price VBMPX                              54.50 USD
2015-08-21 price RGAGX                              67.89 USD
2015-08-21 price ITOT                              167.50 USD
2015-08-21 price VEA                               195.42 USD
2015-08-21 price VHT                                92.79 USD
2015-08-21 price GLD                                62.76 USD
2015-08-28 price VBMPX                              54.96 USD
2015-08-28 price RGAGX                              65.36 USD
2015-08-28 price ITOT                              166.99 USD
2015-08-28 price VEA                               194.13 USD
2015-08-28 price VHT                                93.01 USD
2015-08-28 price GLD                                62.60 USD
2015-09-04 price VBMPX                              55.37 USD
2015-09-04 price RGAGX                              65.74 USD
2015-09-04 price ITOT                              166.64 USD
2015-09-04 price VEA                               194.65 USD
2015-09-04 price VHT                                96.99 USD
2015-09-04 price GLD                                60.92 USD
2015-09-11 price VBMPX                              56.26 USD
2015-09-11 price RGAGX                              66.38 USD
2015-09-11 price ITOT                              166.55 USD
2015-09-11 price VEA                               194.96 USD
2015-09-11 price VHT                                97.25 USD
2015-09-11 price GLD                                60.55 USD
2015-09-18 price VBMPX                              56.66 USD
2015-09-18 price RGAGX                              68.32 USD
2015-09-18 price ITOT                              167.35 USD
2015-09-18 price VEA                               193.86 USD
2015-09-18 price VHT                                96.27 USD
2015-09-18 price GLD                                62.21 USD
2015-09-25 price VBMPX                              56.52 USD
2015-09-25 price RGAGX                              67.97 USD
2015-09-25 price ITOT                              167.15 USD
2015-09-25 price VEA                               193.64 USD
2015-09-25 price VHT                                95.09 USD
2015-09-25 price GLD                                62.65 USD
2015-10-02 price VBMPX                              57.16 USD
2015-10-02 price RGAGX                              67.23 USD
2015-10-02 price ITOT                              170.09 USD
2015-10-02 price VEA                               193.79 USD
2015-10-02 price VHT                                95.30 USD
2015-10-02 price GLD                                62.46 USD
2015-10-09 price VBMPX                              57.61 USD
2015-10-09 price RGAGX                              68.81 USD
2015-10-09 price ITOT                              173.52 USD
2015-10-09 price VEA                               193.24 USD
2015-10-09 price VHT                                95.99 USD
2015-10-09 price GLD                                62.69 USD
2015-10-16 price VBMPX                              57.82 USD
2015-10-16 price RGAGX                              68.63 USD
2015-10-16 price ITOT                              173.99 USD
2015-10-16 price VEA                               194.75 USD
2015-10-16 price VHT                                93.96 USD
2015-10-16 price GLD                                61.70 USD
2015-10-23 price VBMPX                              57.79 USD
2015-10-23 price RGAGX                              67.97 USD
2015-10-23 price ITOT                              176.32 USD
2015-10-23 price VEA                               194.05 USD
2015-10-23 price VHT                                92.11 USD
2015-10-23 price GLD                                61.67 USD
2015-10-30 price VBMPX                              58.73 USD
2015-10-30 price RGAGX                              67.48 USD
2015-10-30 price ITOT                              174.81 USD
2015-10-30 price VEA                               197.63 USD
2015-10-30 price VHT                                91.71 USD
2015-10-30 price GLD                                60.89 USD
2015-11-06 price VBMPX                              59.12 USD
2015-11-06 price RGAGX                              67.11 USD
2015-11-06 price ITOT                              174.70 USD
2015-11-06 price VEA                               198.16 USD
2015-11-06 price VHT                                93.77 USD
2015-11-06 price GLD                                61.10 USD
2015-11-13 price VBMPX                              58.99 USD
2015-11-13 price RGAGX                              66.06 USD
2015-11-13 price ITOT                              172.06 USD
2015-11-13 price VEA                               197.13 USD
2015-11-13 price VHT                                93.17 USD
2015-11-13 price GLD                                61.13 USD
2015-11-20 price VBMPX                              59.10 USD
2015-11-20 price RGAGX                              67.63 USD
2015-11-20 price ITOT                              169.60 USD
2015-11-20 price VEA                               196.55 USD
2015-11-20 price VHT                                92.52 USD
2015-11-20 price GLD                                60.32 USD
2015-11-27 price VBMPX                              59.42 USD
2015-11-27 price RGAGX                              65.70 USD
2015-11-27 price ITOT                              169.47 USD
2015-11-27 price VEA                               196.36 USD
2015-11-27 price VHT                                93.23 USD
2015-11-27 price GLD                                60.70 USD
2015-12-04 price VBMPX                              59.88 USD
2015-12-04 price RGAGX                              64.33 USD
2015-12-04 price ITOT                              170.64 USD
2015-12-04 price VEA                               197.03 USD
2015-12-04 price VHT                                94.76 USD
2015-12-04 price GLD                                60.50 USD
2015-12-11 price VBMPX                              60.46 USD
2015-12-11 price RGAGX                              65.54 USD
2015-12-11 price ITOT                              172.27 USD
2015-12-11 price VEA                               197.52 USD
2015-12-11 price VHT                                96.12 USD
2015-12-11 price GLD                                61.69 USD
2015-12-18 price VBMPX                              60.43 USD
2015-12-18 price RGAGX                              64.11 USD
2015-12-18 price ITOT                              170.84 USD
2015-12-18 price VEA                               198.59 USD
2015-12-18 price VHT                                96.64 USD
2015-12-18 price GLD                                60.40 USD
2015-12-25 price VBMPX                              60.15 USD
2015-12-25 price RGAGX                              65.59 USD
2015-12-25 price ITOT                              168.47 USD
2015-12-25 price VEA                               199.00 USD
2015-12-25 price VHT                                96.44 USD
2015-12-25 price GLD                                60.19 USD
2016-01-01 price VBMPX                              59.53 USD
2016-01-01 price RGAGX                              68.57 USD
2016-01-01 price ITOT                              170.76 USD
2016-01-01 price VEA                               198.92 USD
2016-01-01 price VHT                                97.88 USD
2016-01-01 price GLD                                58.30 USD
2016-01-08 price VBMPX                              59.37 USD
2016-01-08 price RGAGX                              67.95 USD
2016-01-08 price ITOT                              173.10 USD
2016-01-08 price VEA                               199.03 USD
2016-01-08 price VHT                                96.65 USD
2016-01-08 price GLD                                57.89 USD
2016-01-15 price VBMPX                              58.97 USD
2016-01-15 price RGAGX                              68.44 USD
2016-01-15 price ITOT                              173.71 USD
2016-01-15 price VEA                               199.31 USD
2016-01-15 price VHT                                97.37 USD
2016-01-15 price GLD                                57.85 USD
2016-01-22 price VBMPX                              59.23 USD
2016-01-22 price RGAGX                              69.56 USD
2016-01-22 price ITOT                              174.73 USD
2016-01-22 price VEA                               200.48 USD
2016-01-22 price VHT                                98.06 USD
2016-01-22 price GLD                                57.92 USD
2016-01-29 price VBMPX                              59.27 USD
2016-01-29 price RGAGX                              71.39 USD
2016-01-29 price ITOT                              174.66 USD
2016-01-29 price VEA                               199.35 USD
2016-01-29 price VHT                                97.21 USD
2016-01-29 price GLD                                58.18 USD
2016-02-05 price VBMPX                              58.58 USD
2016-02-05 price RGAGX                              73.19 USD
2016-02-05 price ITOT                              174.24 USD
2016-02-05 price VEA                               199.07 USD
2016-02-05 price VHT                                96.78 USD
2016-02-05 price GLD                                59.57 USD
2016-02-12 price VBMPX                              58.80 USD
2016-02-12 price RGAGX                              71.56 USD
2016-02-12 price ITOT                              175.35 USD
2016-02-12 price VEA                               200.19 USD
2016-02-12 price VHT                                97.23 USD
2016-02-12 price GLD                                58.89 USD
2016-02-19 price VBMPX                              58.22 USD
2016-02-19 price RGAGX                              72.38 USD
2016-02-19 price ITOT                              176.86 USD
2016-02-19 price VEA                               198.75 USD
2016-02-19 price VHT                                97.92 USD
2016-02-19 price GLD                                58.24 USD
2016-02-26 price VBMPX                              58.29 USD
2016-02-26 price RGAGX                              72.06 USD
2016-02-26 price ITOT                              176.10 USD
2016-02-26 price VEA                               195.55 USD
2016-02-26 price VHT                                98.82 USD
2016-02-26 price GLD                                58.86 USD
2016-03-04 price VBMPX                              58.42 USD
2016-03-04 price RGAGX                              72.66 USD
2016-03-04 price ITOT                              175.30 USD
2016-03-04 price VEA                               196.10 USD
2016-03-04 price VHT                                97.47 USD
2016-03-04 price GLD                                58.61 USD
2016-03-11 price VBMPX                              58.66 USD
2016-03-11 price RGAGX                              75.72 USD
2016-03-11 price ITOT                              177.85 USD
2016-03-11 price VEA                               195.95 USD
2016-03-11 price VHT                                97.40 USD
2016-03-11 price GLD                                59.48 USD
2016-03-18 price VBMPX                              58.67 USD
2016-03-18 price RGAGX                              78.50 USD
2016-03-18 price ITOT                              178.54 USD
2016-03-18 price VEA                               195.29 USD
2016-03-18 price VHT                                98.10 USD
2016-03-18 price GLD                                58.97 USD
2016-03-25 price VBMPX                              58.40 USD
2016-03-25 price RGAGX                              76.17 USD
2016-03-25 price ITOT                              177.28 USD
2016-03-25 price VEA                               192.59 USD
2016-03-25 price VHT                                98.64 USD
2016-03-25 price GLD                                59.12 USD
2016-04-01 price VBMPX                              58.68 USD
2016-04-01 price RGAGX                              76.67 USD
2016-04-01 price ITOT                              179.14 USD
2016-04-01 price VEA                               193.48 USD
2016-04-01 price VHT                                97.59 USD
2016-04-01 price GLD                                59.24 USD
2016-04-08 price VBMPX                              58.59 USD
2016-04-08 price RGAGX                              77.46 USD
2016-04-08 price ITOT                              180.27 USD
2016-04-08 price VEA                               196.66 USD
2016-04-08 price VHT                                97.28 USD
2016-04-08 price GLD                                60.81 USD
2016-04-15 price VBMPX                              59.56 USD
2016-04-15 price RGAGX                              77.85 USD
2016-04-15 price ITOT                              180.23 USD
2016-04-15 price VEA                               196.50 USD
2016-04-15 price VHT                                96.47 USD
2016-04-15 price GLD                                60.36 USD
2016-04-22 price VBMPX                              59.33 USD
2016-04-22 price RGAGX                              75.89 USD
2016-04-22 price ITOT                              180.26 USD
2016-04-22 price VEA                               194.41 USD
2016-04-22 price VHT                                96.55 USD
2016-04-22 price GLD                                60.16 USD
2016-04-29 price VBMPX                              59.57 USD
2016-04-29 price RGAGX                              74.01 USD
2016-04-29 price ITOT                              178.39 USD
2016-04-29 price VEA                               194.90 USD
2016-04-29 price VHT                                96.88 USD
2016-04-29 price GLD                                59.70 USD
2016-05-06 price VBMPX                              59.39 USD
2016-05-06 price RGAGX                              75.25 USD
2016-05-06 price ITOT                              178.36 USD
2016-05-06 price VEA                               191.61 USD
2016-05-06 price VHT                                96.01 USD
2016-05-06 price GLD                                59.98 USD
2016-05-13 price VBMPX                              59.81 USD
2016-05-13 price RGAGX                              74.79 USD
2016-05-13 price ITOT                              177.55 USD
2016-05-13 price VEA                               191.81 USD
2016-05-13 price VHT                                96.53 USD
2016-05-13 price GLD                                59.79 USD
2016-05-20 price VBMPX                              59.94 USD
2016-05-20 price RGAGX                              72.16 USD
2016-05-20 price ITOT                              176.43 USD
2016-05-20 price VEA                               189.86 USD
2016-05-20 price VHT                                97.57 USD
2016-05-20 price GLD                                60.09 USD
2016-05-27 price VBMPX                              60.41 USD
2016-05-27 price RGAGX                              71.19 USD
2016-05-27 price ITOT                              174.15 USD
2016-05-27 price VEA                               188.07 USD
2016-05-27 price VHT                                98.75 USD
2016-05-27 price GLD                                61.07 USD
2016-06-03 price VBMPX                              60.45 USD
2016-06-03 price RGAGX                              70.68 USD
2016-06-03 price ITOT                              172.55 USD
2016-06-03 price VEA                               186.23 USD
2016-06-03 price VHT                                97.91 USD
2016-06-03 price GLD                                61.23 USD
2016-06-10 price VBMPX                              60.61 USD
2016-06-10 price RGAGX                              66.72 USD
2016-06-10 price ITOT                              174.60 USD
2016-06-10 price VEA                               183.66 USD
2016-06-10 price VHT                                98.80 USD
2016-06-10 price GLD                                61.44 USD
2016-06-17 price VBMPX                              60.17 USD
2016-06-17 price RGAGX                              65.81 USD
2016-06-17 price ITOT                              174.04 USD
2016-06-17 price VEA                               182.93 USD
2016-06-17 price VHT                                98.95 USD
2016-06-17 price GLD                                60.09 USD
2016-06-24 price VBMPX                              60.22 USD
2016-06-24 price RGAGX                              65.70 USD
2016-06-24 price ITOT                              176.57 USD
2016-06-24 price VEA                               182.34 USD
2016-06-24 price VHT                                97.13 USD
2016-06-24 price GLD                                60.77 USD
2016-07-01 price VBMPX                              60.73 USD
2016-07-01 price RGAGX                              64.76 USD
2016-07-01 price ITOT                              175.18 USD
2016-07-01 price VEA                               181.56 USD
2016-07-01 price VHT                                96.17 USD
2016-07-01 price GLD                                61.15 USD
2016-07-08 price VBMPX                              60.97 USD
2016-07-08 price RGAGX                              66.28 USD
2016-07-08 price ITOT                              176.48 USD
2016-07-08 price VEA                               182.36 USD
2016-07-08 price VHT                                94.47 USD
2016-07-08 price GLD                                60.84 USD
2016-07-15 price VBMPX                              60.95 USD
2016-07-15 price RGAGX                              67.74 USD
2016-07-15 price ITOT                              176.02 USD
2016-07-15 price VEA                               184.74 USD
2016-07-15 price VHT                                93.67 USD
2016-07-15 price GLD                                60.96 USD
2016-07-22 price VBMPX                              60.90 USD
2016-07-22 price RGAGX                              66.52 USD
2016-07-22 price ITOT                              176.68 USD
2016-07-22 price VEA                               186.11 USD
2016-07-22 price VHT                                94.93 USD
2016-07-22 price GLD                                61.33 USD
2016-07-29 price VBMPX                              60.67 USD
2016-07-29 price RGAGX                              68.12 USD
2016-07-29 price ITOT                              176.22 USD
2016-07-29 price VEA                               188.71 USD
2016-07-29 price VHT                                96.57 USD
2016-07-29 price GLD                                62.20 USD
2016-08-05 price VBMPX                              61.25 USD
2016-08-05 price RGAGX                              66.59 USD
2016-08-05 price ITOT                              178.22 USD
2016-08-05 price VEA                               188.04 USD
2016-08-05 price VHT                                97.12 USD
2016-08-05 price GLD                                62.45 USD
2016-08-12 price VBMPX                              60.94 USD
2016-08-12 price RGAGX                              65.32 USD
2016-08-12 price ITOT                              176.90 USD
2016-08-12 price VEA                               187.13 USD
2016-08-12 price VHT                                98.01 USD
2016-08-12 price GLD                                62.87 USD
2016-08-19 price VBMPX                              61.10 USD
2016-08-19 price RGAGX                              65.75 USD
2016-08-19 price ITOT                              177.92 USD
2016-08-19 price VEA                               186.61 USD
2016-08-19 price VHT                                98.77 USD
2016-08-19 price GLD                                62.36 USD
2016-08-26 price VBMPX                              61.07 USD
2016-08-26 price RGAGX                              66.51 USD
2016-08-26 price ITOT                              178.76 USD
2016-08-26 price VEA                               187.37 USD
2016-08-26 price VHT                                99.54 USD
2016-08-26 price GLD                                62.45 USD
2016-09-02 price VBMPX                              61.12 USD
2016-09-02 price RGAGX                              67.12 USD
2016-09-02 price ITOT                              179.86 USD
2016-09-02 price VEA                               189.48 USD
2016-09-02 price VHT                                99.40 USD
2016-09-02 price GLD                                63.64 USD
2016-09-09 price VBMPX                              61.10 USD
2016-09-09 price RGAGX                              69.79 USD
2016-09-09 price ITOT                              178.14 USD
2016-09-09 price VEA                               188.39 USD
2016-09-09 price VHT                                98.31 USD
2016-09-09 price GLD                                63.59 USD
2016-09-16 price VBMPX                              61.61 USD
2016-09-16 price RGAGX                              70.10 USD
2016-09-16 price ITOT                              178.33 USD
2016-09-16 price VEA                               193.59 USD
2016-09-16 price VHT                                97.93 USD
2016-09-16 price GLD                                63.21 USD
2016-09-23 price VBMPX                              61.37 USD
2016-09-23 price RGAGX                              70.59 USD
2016-09-23 price ITOT                              178.18 USD
2016-09-23 price VEA                               194.32 USD
2016-09-23 price VHT                                99.41 USD
2016-09-23 price GLD                                62.68 USD
2016-09-30 price VBMPX                              61.61 USD
2016-09-30 price RGAGX                              69.85 USD
2016-09-30 price ITOT                              179.68 USD
2016-09-30 price VEA                               195.79 USD
2016-09-30 price VHT                                98.81 USD
2016-09-30 price GLD                                62.62 USD
2016-10-07 price VBMPX                              61.03 USD
2016-10-07 price RGAGX                              70.28 USD
2016-10-07 price ITOT                              178.59 USD
2016-10-07 price VEA                               193.90 USD
2016-10-07 price VHT                                99.97 USD
2016-10-07 price GLD                                62.51 USD
2016-10-14 price VBMPX                              60.53 USD
2016-10-14 price RGAGX                              70.34 USD
2016-10-14 price ITOT                              178.66 USD
2016-10-14 price VEA                               193.66 USD
2016-10-14 price VHT                               101.55 USD
2016-10-14 price GLD                                62.31 USD
2016-10-21 price VBMPX                              60.52 USD
2016-10-21 price RGAGX                              70.54 USD
2016-10-21 price ITOT                              179.65 USD
2016-10-21 price VEA                               192.60 USD
2016-10-21 price VHT                               102.12 USD
2016-10-21 price GLD                                63.06 USD
2016-10-28 price VBMPX                              60.47 USD
2016-10-28 price RGAGX                              71.07 USD
2016-10-28 price ITOT                              182.04 USD
2016-10-28 price VEA                               194.00 USD
2016-10-28 price VHT                               101.05 USD
2016-10-28 price GLD                                62.50 USD
2016-11-04 price VBMPX                              60.96 USD
2016-11-04 price RGAGX                              69.29 USD
2016-11-04 price ITOT                              183.76 USD
2016-11-04 price VEA                               194.08 USD
2016-11-04 price VHT                               100.27 USD
2016-11-04 price GLD                                62.41 USD
2016-11-11 price VBMPX                              60.78 USD
2016-11-11 price RGAGX                              70.87 USD
2016-11-11 price ITOT                              183.97 USD
2016-11-11 price VEA                               194.73 USD
2016-11-11 price VHT                               101.96 USD
2016-11-11 price GLD                                63.47 USD
2016-11-18 price VBMPX                              60.69 USD
2016-11-18 price RGAGX                              69.01 USD
2016-11-18 price ITOT                              184.85 USD
2016-11-18 price VEA                               192.46 USD
2016-11-18 price VHT                               104.39 USD
2016-11-18 price GLD                                64.55 USD
2016-11-25 price VBMPX                              60.25 USD
2016-11-25 price RGAGX                              68.40 USD
2016-11-25 price ITOT                              185.26 USD
2016-11-25 price VEA                               191.75 USD
2016-11-25 price VHT                               104.67 USD
2016-11-25 price GLD                                64.61 USD
2016-12-02 price VBMPX                              60.34 USD
2016-12-02 price RGAGX                              67.11 USD
2016-12-02 price ITOT                              185.49 USD
2016-12-02 price VEA                               194.44 USD
2016-12-02 price VHT                               104.32 USD
2016-12-02 price GLD                                64.74 USD
2016-12-09 price VBMPX                              60.74 USD
2016-12-09 price RGAGX                              67.95 USD
2016-12-09 price ITOT                              184.50 USD
2016-12-09 price VEA                               196.51 USD
2016-12-09 price VHT                               103.09 USD
2016-12-09 price GLD                                65.28 USD
2016-12-16 price VBMPX                              61.07 USD
2016-12-16 price RGAGX                              66.93 USD
2016-12-16 price ITOT                              184.81 USD
2016-12-16 price VEA                               196.47 USD
2016-12-16 price VHT                               102.97 USD
2016-12-16 price GLD                                65.96 USD
2016-12-23 price VBMPX                              61.18 USD
2016-12-23 price RGAGX                              65.55 USD
2016-12-23 price ITOT                              184.46 USD
2016-12-23 price VEA                               196.62 USD
2016-12-23 price VHT                               104.80 USD
2016-12-23 price GLD                                66.27 USD
2016-12-30 price VBMPX                              61.88 USD
2016-12-30 price RGAGX                              67.90 USD
2016-12-30 price ITOT                              185.67 USD
2016-12-30 price VEA                               196.78 USD
2016-12-30 price VHT                               106.27 USD
2016-12-30 price GLD                                65.40 USD
2017-01-06 price VBMPX                              61.78 USD
2017-01-06 price RGAGX                              68.43 USD
2017-01-06 price ITOT                              186.57 USD
2017-01-06 price VEA                               198.65 USD
2017-01-06 price VHT                               105.99 USD
2017-01-06 price GLD                                65.78 USD
2017-01-13 price VBMPX                              61.24 USD
2017-01-13 price RGAGX                              67.80 USD
2017-01-13 price ITOT                              187.23 USD
2017-01-13 price VEA                               201.31 USD
2017-01-13 price VHT                               107.72 USD
2017-01-13 price GLD                                67.78 USD
2017-01-20 price VBMPX                              61.48 USD
2017-01-20 price RGAGX                              70.66 USD
2017-01-20 price ITOT                              186.85 USD
2017-01-20 price VEA                               205.22 USD
2017-01-20 price VHT                               106.55 USD
2017-01-20 price GLD                                69.28 USD
2017-01-27 price VBMPX                              61.33 USD
2017-01-27 price RGAGX                              69.21 USD
2017-01-27 price ITOT                              186.30 USD
2017-01-27 price VEA                               209.53 USD
2017-01-27 price VHT                               106.37 USD
2017-01-27 price GLD                                70.59 USD
2017-02-03 price VBMPX                              60.83 USD
2017-02-03 price RGAGX                              68.39 USD
2017-02-03 price ITOT                              188.11 USD
2017-02-03 price VEA                               208.14 USD
2017-02-03 price VHT                               108.56 USD
2017-02-03 price GLD                                69.20 USD
2017-02-10 price VBMPX                              61.01 USD
2017-02-10 price RGAGX                              67.03 USD
2017-02-10 price ITOT                              184.19 USD
2017-02-10 price VEA                               206.18 USD
2017-02-10 price VHT                               107.09 USD
2017-02-10 price GLD                                69.22 USD
2017-02-17 price VBMPX                              61.63 USD
2017-02-17 price RGAGX                              66.63 USD
2017-02-17 price ITOT                              180.42 USD
2017-02-17 price VEA                               206.64 USD
2017-02-17 price VHT                               108.36 USD
2017-02-17 price GLD                                69.93 USD
2017-02-24 price VBMPX                              62.28 USD
2017-02-24 price RGAGX                              69.20 USD
2017-02-24 price ITOT                              180.60 USD
2017-02-24 price VEA                               207.33 USD
2017-02-24 price VHT                               108.47 USD
2017-02-24 price GLD                                70.95 USD
2017-03-03 price VBMPX                              62.79 USD
2017-03-03 price RGAGX                              69.97 USD
2017-03-03 price ITOT                              179.71 USD
2017-03-03 price VEA                               204.38 USD
2017-03-03 price VHT                               109.22 USD
2017-03-03 price GLD                                70.34 USD
2017-03-10 price VBMPX                              62.52 USD
2017-03-10 price RGAGX                              70.71 USD
2017-03-10 price ITOT                              178.24 USD
2017-03-10 price VEA                               205.83 USD
2017-03-10 price VHT                               108.93 USD
2017-03-10 price GLD                                71.02 USD
2017-03-17 price VBMPX                              62.82 USD
2017-03-17 price RGAGX                              72.16 USD
2017-03-17 price ITOT                              180.13 USD
2017-03-17 price VEA                               207.62 USD
2017-03-17 price VHT                               107.45 USD
2017-03-17 price GLD                                71.61 USD
2017-03-24 price VBMPX                              62.64 USD
2017-03-24 price RGAGX                              73.86 USD
2017-03-24 price ITOT                              179.53 USD
2017-03-24 price VEA                               209.13 USD
2017-03-24 price VHT                               107.71 USD
2017-03-24 price GLD                                72.47 USD
2017-03-31 price VBMPX                              62.20 USD
2017-03-31 price RGAGX                              72.98 USD
2017-03-31 price ITOT                              181.13 USD
2017-03-31 price VEA                               211.21 USD
2017-03-31 price VHT                               108.09 USD
2017-03-31 price GLD                                72.35 USD
2017-04-07 price VBMPX                              61.60 USD
2017-04-07 price RGAGX                              71.59 USD
2017-04-07 price ITOT                              182.13 USD
2017-04-07 price VEA                               210.70 USD
2017-04-07 price VHT                               108.74 USD
2017-04-07 price GLD                                71.60 USD
2017-04-14 price VBMPX                              61.97 USD
2017-04-14 price RGAGX                              70.57 USD
2017-04-14 price ITOT                              182.12 USD
2017-04-14 price VEA                               212.82 USD
2017-04-14 price VHT                               110.87 USD
2017-04-14 price GLD                                72.56 USD
2017-04-21 price VBMPX                              62.19 USD
2017-04-21 price RGAGX                              68.79 USD
2017-04-21 price ITOT                              181.02 USD
2017-04-21 price VEA                               214.01 USD
2017-04-21 price VHT                               111.73 USD
2017-04-21 price GLD                                71.78 USD
2017-04-28 price VBMPX                              62.59 USD
2017-04-28 price RGAGX                              68.71 USD
2017-04-28 price ITOT                              180.93 USD
2017-04-28 price VEA                               214.85 USD
2017-04-28 price VHT                               109.29 USD
2017-04-28 price GLD                                71.58 USD
2017-05-05 price VBMPX                              62.57 USD
2017-05-05 price RGAGX                              69.65 USD
2017-05-05 price ITOT                              182.59 USD
2017-05-05 price VEA                               216.61 USD
2017-05-05 price VHT                               108.94 USD
2017-05-05 price GLD                                72.40 USD
2017-05-12 price VBMPX                              62.22 USD
2017-05-12 price RGAGX                              70.77 USD
2017-05-12 price ITOT                              182.02 USD
2017-05-12 price VEA                               217.48 USD
2017-05-12 price VHT                               110.94 USD
2017-05-12 price GLD                                72.82 USD
2017-05-19 price VBMPX                              62.71 USD
2017-05-19 price RGAGX                              70.47 USD
2017-05-19 price ITOT                              182.03 USD
2017-05-19 price VEA                               217.66 USD
2017-05-19 price VHT                               111.21 USD
2017-05-19 price GLD                                74.30 USD
2017-05-26 price VBMPX                              62.86 USD
2017-05-26 price RGAGX                              69.52 USD
2017-05-26 price ITOT                              180.64 USD
2017-05-26 price VEA                               217.77 USD
2017-05-26 price VHT                               112.15 USD
2017-05-26 price GLD                                73.53 USD
2017-06-02 price VBMPX                              62.53 USD
2017-06-02 price RGAGX                              70.95 USD
2017-06-02 price ITOT                              180.48 USD
2017-06-02 price VEA                               217.45 USD
2017-06-02 price VHT                               112.11 USD
2017-06-02 price GLD                                73.72 USD
2017-06-09 price VBMPX                              63.19 USD
2017-06-09 price RGAGX                              70.42 USD
2017-06-09 price ITOT                              180.29 USD
2017-06-09 price VEA                               218.42 USD
2017-06-09 price VHT                               110.82 USD
2017-06-09 price GLD                                73.91 USD
2017-06-16 price VBMPX                              63.56 USD
2017-06-16 price RGAGX                              68.48 USD
2017-06-16 price ITOT                              180.68 USD
2017-06-16 price VEA                               218.50 USD
2017-06-16 price VHT                               111.71 USD
2017-06-16 price GLD                                74.43 USD
2017-06-23 price VBMPX                              63.57 USD
2017-06-23 price RGAGX                              67.29 USD
2017-06-23 price ITOT                              182.26 USD
2017-06-23 price VEA                               221.89 USD
2017-06-23 price VHT                               112.24 USD
2017-06-23 price GLD                                73.40 USD
2017-06-30 price VBMPX                              63.95 USD
2017-06-30 price RGAGX                              66.18 USD
2017-06-30 price ITOT                              181.11 USD
2017-06-30 price VEA                               223.22 USD
2017-06-30 price VHT                               111.86 USD
2017-06-30 price GLD                                73.81 USD
2017-07-07 price VBMPX                              63.89 USD
2017-07-07 price RGAGX                              65.36 USD
2017-07-07 price ITOT                              183.36 USD
2017-07-07 price VEA                               223.53 USD
2017-07-07 price VHT                               113.27 USD
2017-07-07 price GLD                                73.98 USD
2017-07-14 price VBMPX                              63.01 USD
2017-07-14 price RGAGX                              64.50 USD
2017-07-14 price ITOT                              183.03 USD
2017-07-14 price VEA                               223.71 USD
2017-07-14 price VHT                               115.56 USD
2017-07-14 price GLD                                74.88 USD
2017-07-21 price VBMPX                              62.75 USD
2017-07-21 price RGAGX                              64.88 USD
2017-07-21 price ITOT                              184.56 USD
2017-07-21 price VEA                               223.70 USD
2017-07-21 price VHT                               116.46 USD
2017-07-21 price GLD                                73.99 USD
2017-07-28 price VBMPX                              63.46 USD
2017-07-28 price RGAGX                              65.55 USD
2017-07-28 price ITOT                              185.89 USD
2017-07-28 price VEA                               227.00 USD
2017-07-28 price VHT                               116.73 USD
2017-07-28 price GLD                                74.50 USD
2017-08-04 price VBMPX                              63.48 USD
2017-08-04 price RGAGX                              64.31 USD
2017-08-04 price ITOT                              184.36 USD
2017-08-04 price VEA                               228.73 USD
2017-08-04 price VHT                               117.19 USD
2017-08-04 price GLD                                73.91 USD
2017-08-11 price VBMPX                              63.45 USD
2017-08-11 price RGAGX                              65.76 USD
2017-08-11 price ITOT                              183.79 USD
2017-08-11 price VEA                               229.12 USD
2017-08-11 price VHT                               116.19 USD
2017-08-11 price GLD                                76.49 USD
2017-08-18 price VBMPX                              63.29 USD
2017-08-18 price RGAGX                              66.07 USD
2017-08-18 price ITOT                              184.23 USD
2017-08-18 price VEA                               230.50 USD
2017-08-18 price VHT                               117.01 USD
2017-08-18 price GLD                                76.78 USD
2017-08-25 price VBMPX                              63.99 USD
2017-08-25 price RGAGX                              65.98 USD
2017-08-25 price ITOT                              184.62 USD
2017-08-25 price VEA                               228.90 USD
2017-08-25 price VHT                               118.16 USD
2017-08-25 price GLD                                75.65 USD
2017-09-01 price VBMPX                              63.96 USD
2017-09-01 price RGAGX                              67.20 USD
2017-09-01 price ITOT                              185.27 USD
2017-09-01 price VEA                               231.26 USD
2017-09-01 price VHT                               118.34 USD
2017-09-01 price GLD                                76.22 USD
2017-09-08 price VBMPX                              64.85 USD
2017-09-08 price RGAGX                              70.11 USD
2017-09-08 price ITOT                              185.43 USD
2017-09-08 price VEA                               229.59 USD
2017-09-08 price VHT                               117.46 USD
2017-09-08 price GLD                                76.18 USD
