;; -*- mode: org; mode: beancount; -*-
;; Birth: 1980-05-12
;; Dates: 2015-01-01 - 2017-09-12
;; THIS FILE HAS BEEN AUTO-GENERATED.
* Options

option "title" "Example Beancount file"
option "operating_currency" "USD"




* Commodities


1792-01-01 commodity USD
  export: "CASH"
  name: "US Dollar"

1900-01-01 commodity VMMXX
  export: "MUTF:VMMXX (MONEY:USD)"

1980-05-12 commodity VACHR
  export: "IGNORE"
  name: "Employer Vacation Hours"

1980-05-12 commodity IRAUSD
  export: "IGNORE"
  name: "US 401k and IRA Contributions"

1995-09-18 commodity VBMPX
  export: "MUTF:VBMPX"
  name: "Vanguard Total Bond Market Index Fund Institutional Plus Shares"
  price: "USD:google/MUTF:VBMPX"

2004-01-20 commodity ITOT
  export: "NYSEARCA:ITOT"
  name: "iShares Core S&P Total U.S. Stock Market ETF"
  price: "USD:google/NYSEARCA:ITOT"

2004-01-26 commodity VHT
  export: "NYSEARCA:VHT"
  name: "Vanguard Health Care ETF"
  price: "USD:google/NYSEARCA:VHT"

2004-11-01 commodity GLD
  export: "NYSEARCA:GLD"
  name: "SPDR Gold Trust (ETF)"
  price: "USD:google/NYSEARCA:GLD"

2007-07-20 commodity VEA
  export: "NYSEARCA:VEA"
  name: "Vanguard FTSE Developed Markets ETF"
  price: "USD:google/NYSEARCA:VEA"

2009-05-01 commodity RGAGX
  export: "MUTF:RGAGX"
  name: "American Funds The Growth Fund of America Class R-6"
  price: "USD:google/MUTF:RGAGX"



* Equity Accounts

1980-05-12 open Equity:Opening-Balances
1980-05-12 open Liabilities:AccountsPayable



* Banking

2015-01-01 open Assets:US:BofA
  address: "123 America Street, LargeTown, USA"
  institution: "Bank of America"
  phone: "+1.012.345.6789"
2015-01-01 open Assets:US:BofA:Checking                        USD
  account: "00234-48574897"

2015-01-01 * "Opening Balance for checking account"
  Assets:US:BofA:Checking                         3490.52 USD
  Equity:Opening-Balances                        -3490.52 USD

2015-01-02 balance Assets:US:BofA:Checking        4841.12 USD

2015-01-04 * "BANK FEES" "Monthly bank fee"
  Assets:US:BofA:Checking                           -4.00 USD
  Expenses:Financial:Fees                            4.00 USD

2015-01-06 * "RiverBank Properties" "Paying the rent"
  Assets:US:BofA:Checking                        -2400.00 USD
  Expenses:Home:Rent                              2400.00 USD

2015-01-08 * "EDISON POWER" ""
  Assets:US:BofA:Checking                          -65.00 USD
  Expenses:Home:Electricity                         65.00 USD

2015-01-20 * "Verizon Wireless" ""
  Assets:US:BofA:Checking                          -82.42 USD
  Expenses:Home:Phone                               82.42 USD

2015-01-23 * "Wine-Tarner Cable" ""
  Assets:US:BofA:Checking                          -80.05 USD
  Expenses:Home:Internet                            80.05 USD

2015-01-30 balance Assets:US:BofA:Checking        4844.07 USD

2015-02-04 * "BANK FEES" "Monthly bank fee"
  Assets:US:BofA:Checking                           -4.00 USD
  Expenses:Financial:Fees                            4.00 USD

2015-02-06 * "RiverBank Properties" "Paying the rent"
  Assets:US:BofA:Checking                        -2400.00 USD
  Expenses:Home:Rent                              2400.00 USD

2015-02-09 * "EDISON POWER" ""
  Assets:US:BofA:Checking                          -65.00 USD
  Expenses:Home:Electricity                         65.00 USD

2015-02-20 * "Verizon Wireless" ""
  Assets:US:BofA:Checking                          -53.50 USD
  Expenses:Home:Phone                               53.50 USD

2015-02-23 * "Wine-Tarner Cable" ""
  Assets:US:BofA:Checking                          -80.12 USD
  Expenses:Home:Internet                            80.12 USD

2015-02-24 balance Assets:US:BofA:Checking        2850.71 USD

2015-03-04 * "BANK FEES" "Monthly bank fee"
  Assets:US:BofA:Checking                           -4.00 USD
  Expenses:Financial:Fees                            4.00 USD

2015-03-06 * "RiverBank Properties" "Paying the rent"
  Assets:US:BofA:Checking                        -2400.00 USD
  Expenses:Home:Rent                              2400.00 USD

2015-03-09 * "EDISON POWER" ""
  Assets:US:BofA:Checking                          -65.00 USD
  Expenses:Home:Electricity                         65.00 USD

2015-03-20 * "Verizon Wireless" ""
  Assets:US:BofA:Checking                          -48.02 USD
  Expenses:Home:Phone                               48.02 USD

2015-03-21 * "Wine-Tarner Cable" ""
  Assets:US:BofA:Checking                          -80.14 USD
  Expenses:Home:Internet                            80.14 USD

2015-03-25 balance Assets:US:BofA:Checking        2353.30 USD

2015-04-04 * "BANK FEES" "Monthly bank fee"
  Assets:US:BofA:Checking                           -4.00 USD
  Expenses:Financial:Fees                            4.00 USD

2015-04-04 * "RiverBank Properties" "Paying the rent"
  Assets:US:BofA:Checking                        -2400.00 USD
  Expenses:Home:Rent                              2400.00 USD

2015-04-08 * "EDISON POWER" ""
  Assets:US:BofA:Checking                          -65.00 USD
  Expenses:Home:Electricity                         65.00 USD

2015-04-17 balance Assets:US:BofA:Checking        1787.80 USD

2015-04-18 * "Verizon Wireless" ""
  Assets:US:BofA:Checking                          -67.68 USD
  Expenses:Home:Phone                               67.68 USD

2015-04-21 * "Wine-Tarner Cable" ""
  Assets:US:BofA:Checking                          -80.01 USD
  Expenses:Home:Internet                            80.01 USD

2015-05-04 * "BANK FEES" "Monthly bank fee"
  Assets:US:BofA:Checking                           -4.00 USD
  Expenses:Financial:Fees                            4.00 USD

2015-05-04 * "RiverBank Properties" "Paying the rent"
  Assets:US:BofA:Checking                        -2400.00 USD
  Expenses:Home:Rent                              2400.00 USD

2015-05-09 * "EDISON POWER" ""
  Assets:US:BofA:Checking                          -65.00 USD
  Expenses:Home:Electricity                         65.00 USD

2015-05-11 balance Assets:US:BofA:Checking        1244.41 USD

2015-05-19 * "Verizon Wireless" ""
  Assets:US:BofA:Checking                          -83.72 USD
  Expenses:Home:Phone                               83.72 USD

2015-05-23 * "Wine-Tarner Cable" ""
  Assets:US:BofA:Checking                          -80.06 USD
  Expenses:Home:Internet                            80.06 USD

2015-06-04 * "BANK FEES" "Monthly bank fee"
  Assets:US:BofA:Checking                           -4.00 USD
  Expenses:Financial:Fees                            4.00 USD

2015-06-05 * "RiverBank Properties" "Paying the rent"
  Assets:US:BofA:Checking                        -2400.00 USD
  Expenses:Home:Rent                              2400.00 USD

2015-06-07 balance Assets:US:BofA:Checking        1377.83 USD

2015-06-08 * "EDISON POWER" ""
  Assets:US:BofA:Checking                          -65.00 USD
  Expenses:Home:Electricity                         65.00 USD

2015-06-19 * "Verizon Wireless" ""
  Assets:US:BofA:Checking                          -57.18 USD
  Expenses:Home:Phone                               57.18 USD

2015-06-21 * "Wine-Tarner Cable" ""
  Assets:US:BofA:Checking                          -80.10 USD
  Expenses:Home:Internet                            80.10 USD

2015-07-01 balance Assets:US:BofA:Checking        1727.34 USD

2015-07-04 * "BANK FEES" "Monthly bank fee"
  Assets:US:BofA:Checking                           -4.00 USD
  Expenses:Financial:Fees                            4.00 USD

2015-07-04 * "RiverBank Properties" "Paying the rent"
  Assets:US:BofA:Checking                        -2400.00 USD
  Expenses:Home:Rent                              2400.00 USD

2015-07-08 * "EDISON POWER" ""
  Assets:US:BofA:Checking                          -65.00 USD
  Expenses:Home:Electricity                         65.00 USD

2015-07-20 * "Verizon Wireless" ""
  Assets:US:BofA:Checking                          -56.96 USD
  Expenses:Home:Phone                               56.96 USD

2015-07-21 balance Assets:US:BofA:Checking        1293.64 USD

2015-07-23 * "Wine-Tarner Cable" ""
  Assets:US:BofA:Checking                          -80.04 USD
  Expenses:Home:Internet                            80.04 USD

2015-08-04 * "BANK FEES" "Monthly bank fee"
  Assets:US:BofA:Checking                           -4.00 USD
  Expenses:Financial:Fees                            4.00 USD

2015-08-05 * "RiverBank Properties" "Paying the rent"
  Assets:US:BofA:Checking                        -2400.00 USD
  Expenses:Home:Rent                              2400.00 USD

2015-08-08 * "EDISON POWER" ""
  Assets:US:BofA:Checking                          -65.00 USD
  Expenses:Home:Electricity                         65.00 USD

2015-08-10 balance Assets:US:BofA:Checking         631.39 USD

2015-08-19 * "Verizon Wireless" ""
  Assets:US:BofA:Checking                          -67.40 USD
  Expenses:Home:Phone                               67.40 USD

2015-08-22 * "Wine-Tarner Cable" ""
  Assets:US:BofA:Checking                          -79.95 USD
  Expenses:Home:Internet                            79.95 USD

2015-09-04 balance Assets:US:BofA:Checking        5585.24 USD

2015-09-04 * "BANK FEES" "Monthly bank fee"
  Assets:US:BofA:Checking                           -4.00 USD
  Expenses:Financial:Fees                            4.00 USD

2015-09-05 * "RiverBank Properties" "Paying the rent"
  Assets:US:BofA:Checking                        -2400.00 USD
  Expenses:Home:Rent                              2400.00 USD

2015-09-09 * "EDISON POWER" ""
  Assets:US:BofA:Checking                          -65.00 USD
  Expenses:Home:Electricity                         65.00 USD

2015-09-11 * "Transfering accumulated savings to other account"
  Assets:US:BofA:Checking                           -4500 USD
  Assets:US:ETrade:Cash                              4500 USD

2015-09-20 * "Verizon Wireless" ""
  Assets:US:BofA:Checking                          -52.34 USD
  Expenses:Home:Phone                               52.34 USD

2015-09-21 * "Wine-Tarner Cable" ""
  Assets:US:BofA:Checking                          -79.80 USD
  Expenses:Home:Internet                            79.80 USD

2015-09-28 balance Assets:US:BofA:Checking        2896.88 USD

2015-10-04 * "BANK FEES" "Monthly bank fee"
  Assets:US:BofA:Checking                           -4.00 USD
  Expenses:Financial:Fees                            4.00 USD

2015-10-04 * "RiverBank Properties" "Paying the rent"
  Assets:US:BofA:Checking                        -2400.00 USD
  Expenses:Home:Rent                              2400.00 USD

2015-10-08 * "EDISON POWER" ""
  Assets:US:BofA:Checking                          -65.00 USD
  Expenses:Home:Electricity                         65.00 USD

2015-10-19 balance Assets:US:BofA:Checking        2575.21 USD

2015-10-19 * "Verizon Wireless" ""
  Assets:US:BofA:Checking                          -66.34 USD
  Expenses:Home:Phone                               66.34 USD

2015-10-21 * "Wine-Tarner Cable" ""
  Assets:US:BofA:Checking                          -79.95 USD
  Expenses:Home:Internet                            79.95 USD

2015-11-03 * "RiverBank Properties" "Paying the rent"
  Assets:US:BofA:Checking                        -2400.00 USD
  Expenses:Home:Rent                              2400.00 USD

2015-11-04 * "BANK FEES" "Monthly bank fee"
  Assets:US:BofA:Checking                           -4.00 USD
  Expenses:Financial:Fees                            4.00 USD

2015-11-06 * "Transfering accumulated savings to other account"
  Assets:US:BofA:Checking                           -4000 USD
  Assets:US:ETrade:Cash                              4000 USD

2015-11-08 * "EDISON POWER" ""
  Assets:US:BofA:Checking                          -65.00 USD
  Expenses:Home:Electricity                         65.00 USD

2015-11-16 balance Assets:US:BofA:Checking         466.36 USD

2015-11-20 * "Verizon Wireless" ""
  Assets:US:BofA:Checking                          -75.53 USD
  Expenses:Home:Phone                               75.53 USD

2015-11-22 * "Wine-Tarner Cable" ""
  Assets:US:BofA:Checking                          -80.06 USD
  Expenses:Home:Internet                            80.06 USD

2015-12-04 * "BANK FEES" "Monthly bank fee"
  Assets:US:BofA:Checking                           -4.00 USD
  Expenses:Financial:Fees                            4.00 USD

2015-12-04 * "RiverBank Properties" "Paying the rent"
  Assets:US:BofA:Checking                        -2400.00 USD
  Expenses:Home:Rent                              2400.00 USD

2015-12-08 * "EDISON POWER" ""
  Assets:US:BofA:Checking                          -65.00 USD
  Expenses:Home:Electricity                         65.00 USD

2015-12-10 balance Assets:US:BofA:Checking        2498.64 USD

2015-12-19 * "Verizon Wireless" ""
  Assets:US:BofA:Checking                          -53.21 USD
  Expenses:Home:Phone                               53.21 USD

2015-12-23 * "Wine-Tarner Cable" ""
  Assets:US:BofA:Checking                          -79.84 USD
  Expenses:Home:Internet                            79.84 USD

2015-12-31 balance Assets:US:BofA:Checking        5197.73 USD

2016-01-04 * "BANK FEES" "Monthly bank fee"
  Assets:US:BofA:Checking                           -4.00 USD
  Expenses:Financial:Fees                            4.00 USD

2016-01-06 * "RiverBank Properties" "Paying the rent"
  Assets:US:BofA:Checking                        -2400.00 USD
  Expenses:Home:Rent                              2400.00 USD

2016-01-08 * "EDISON POWER" ""
  Assets:US:BofA:Checking                          -65.00 USD
  Expenses:Home:Electricity                         65.00 USD

2016-01-20 * "Verizon Wireless" ""
  Assets:US:BofA:Checking                          -66.56 USD
  Expenses:Home:Phone                               66.56 USD

2016-01-22 * "Wine-Tarner Cable" ""
  Assets:US:BofA:Checking                          -79.88 USD
  Expenses:Home:Internet                            79.88 USD

2016-01-30 balance Assets:US:BofA:Checking        7420.60 USD

2016-02-03 * "RiverBank Properties" "Paying the rent"
  Assets:US:BofA:Checking                        -2400.00 USD
  Expenses:Home:Rent                              2400.00 USD

2016-02-04 * "BANK FEES" "Monthly bank fee"
  Assets:US:BofA:Checking                           -4.00 USD
  Expenses:Financial:Fees                            4.00 USD

2016-02-08 * "EDISON POWER" ""
  Assets:US:BofA:Checking                          -65.00 USD
  Expenses:Home:Electricity                         65.00 USD

2016-02-20 * "Verizon Wireless" ""
  Assets:US:BofA:Checking                          -40.52 USD
  Expenses:Home:Phone                               40.52 USD

2016-02-22 * "Wine-Tarner Cable" ""
  Assets:US:BofA:Checking                          -79.97 USD
  Expenses:Home:Internet                            79.97 USD

2016-02-28 balance Assets:US:BofA:Checking        6903.12 USD

2016-03-04 * "BANK FEES" "Monthly bank fee"
  Assets:US:BofA:Checking                           -4.00 USD
  Expenses:Financial:Fees                            4.00 USD

2016-03-06 * "RiverBank Properties" "Paying the rent"
  Assets:US:BofA:Checking                        -2400.00 USD
  Expenses:Home:Rent                              2400.00 USD

2016-03-08 * "EDISON POWER" ""
  Assets:US:BofA:Checking                          -65.00 USD
  Expenses:Home:Electricity                         65.00 USD

2016-03-20 * "Verizon Wireless" ""
  Assets:US:BofA:Checking                          -64.30 USD
  Expenses:Home:Phone                               64.30 USD

2016-03-21 * "Wine-Tarner Cable" ""
  Assets:US:BofA:Checking                          -79.92 USD
  Expenses:Home:Internet                            79.92 USD

2016-03-22 balance Assets:US:BofA:Checking        4880.60 USD

2016-04-04 * "BANK FEES" "Monthly bank fee"
  Assets:US:BofA:Checking                           -4.00 USD
  Expenses:Financial:Fees                            4.00 USD

2016-04-05 * "RiverBank Properties" "Paying the rent"
  Assets:US:BofA:Checking                        -2400.00 USD
  Expenses:Home:Rent                              2400.00 USD

2016-04-08 * "EDISON POWER" ""
  Assets:US:BofA:Checking                          -65.00 USD
  Expenses:Home:Electricity                         65.00 USD

2016-04-14 balance Assets:US:BofA:Checking        4048.16 USD

2016-04-19 * "Verizon Wireless" ""
  Assets:US:BofA:Checking                          -72.45 USD
  Expenses:Home:Phone                               72.45 USD

2016-04-21 * "Wine-Tarner Cable" ""
  Assets:US:BofA:Checking                          -79.86 USD
  Expenses:Home:Internet                            79.86 USD

2016-05-04 * "BANK FEES" "Monthly bank fee"
  Assets:US:BofA:Checking                           -4.00 USD
  Expenses:Financial:Fees                            4.00 USD

2016-05-06 * "RiverBank Properties" "Paying the rent"
  Assets:US:BofA:Checking                        -2400.00 USD
  Expenses:Home:Rent                              2400.00 USD

2016-05-09 * "EDISON POWER" ""
  Assets:US:BofA:Checking                          -65.00 USD
  Expenses:Home:Electricity                         65.00 USD

2016-05-11 balance Assets:US:BofA:Checking        3542.52 USD

2016-05-20 * "Verizon Wireless" ""
  Assets:US:BofA:Checking                          -45.93 USD
  Expenses:Home:Phone                               45.93 USD

2016-05-21 * "Wine-Tarner Cable" ""
  Assets:US:BofA:Checking                          -79.87 USD
  Expenses:Home:Internet                            79.87 USD

2016-06-03 * "RiverBank Properties" "Paying the rent"
  Assets:US:BofA:Checking                        -2400.00 USD
  Expenses:Home:Rent                              2400.00 USD

2016-06-04 * "BANK FEES" "Monthly bank fee"
  Assets:US:BofA:Checking                           -4.00 USD
  Expenses:Financial:Fees                            4.00 USD

2016-06-05 balance Assets:US:BofA:Checking        3713.92 USD

2016-06-08 * "EDISON POWER" ""
  Assets:US:BofA:Checking                          -65.00 USD
  Expenses:Home:Electricity                         65.00 USD

2016-06-19 * "Verizon Wireless" ""
  Assets:US:BofA:Checking                          -73.94 USD
  Expenses:Home:Phone                               73.94 USD

2016-06-22 * "Wine-Tarner Cable" ""
  Assets:US:BofA:Checking                          -79.87 USD
  Expenses:Home:Internet                            79.87 USD

2016-06-25 balance Assets:US:BofA:Checking        4141.04 USD

2016-07-04 * "BANK FEES" "Monthly bank fee"
  Assets:US:BofA:Checking                           -4.00 USD
  Expenses:Financial:Fees                            4.00 USD

2016-07-06 * "RiverBank Properties" "Paying the rent"
  Assets:US:BofA:Checking                        -2400.00 USD
  Expenses:Home:Rent                              2400.00 USD

2016-07-08 * "EDISON POWER" ""
  Assets:US:BofA:Checking                          -65.00 USD
  Expenses:Home:Electricity                         65.00 USD

2016-07-18 balance Assets:US:BofA:Checking        3744.93 USD

2016-07-20 * "Verizon Wireless" ""
  Assets:US:BofA:Checking                          -52.05 USD
  Expenses:Home:Phone                               52.05 USD

2016-07-22 * "Wine-Tarner Cable" ""
  Assets:US:BofA:Checking                          -79.98 USD
  Expenses:Home:Internet                            79.98 USD

2016-08-04 * "BANK FEES" "Monthly bank fee"
  Assets:US:BofA:Checking                           -4.00 USD
  Expenses:Financial:Fees                            4.00 USD

2016-08-06 * "RiverBank Properties" "Paying the rent"
  Assets:US:BofA:Checking                        -2400.00 USD
  Expenses:Home:Rent                              2400.00 USD

2016-08-08 * "EDISON POWER" ""
  Assets:US:BofA:Checking                          -65.00 USD
  Expenses:Home:Electricity                         65.00 USD

2016-08-09 balance Assets:US:BofA:Checking        2494.50 USD

2016-08-12 * "Transfering accumulated savings to other account"
  Assets:US:BofA:Checking                           -4000 USD
  Assets:US:ETrade:Cash                              4000 USD

2016-08-20 * "Verizon Wireless" ""
  Assets:US:BofA:Checking                          -52.30 USD
  Expenses:Home:Phone                               52.30 USD

2016-08-21 * "Wine-Tarner Cable" ""
  Assets:US:BofA:Checking                          -79.86 USD
  Expenses:Home:Internet                            79.86 USD

2016-09-04 * "BANK FEES" "Monthly bank fee"
  Assets:US:BofA:Checking                           -4.00 USD
  Expenses:Financial:Fees                            4.00 USD

2016-09-04 * "RiverBank Properties" "Paying the rent"
  Assets:US:BofA:Checking                        -2400.00 USD
  Expenses:Home:Rent                              2400.00 USD

2016-09-05 balance Assets:US:BofA:Checking         610.75 USD

2016-09-09 * "EDISON POWER" ""
  Assets:US:BofA:Checking                          -65.00 USD
  Expenses:Home:Electricity                         65.00 USD

2016-09-19 * "Verizon Wireless" ""
  Assets:US:BofA:Checking                          -62.61 USD
  Expenses:Home:Phone                               62.61 USD

2016-09-23 * "Wine-Tarner Cable" ""
  Assets:US:BofA:Checking                          -79.94 USD
  Expenses:Home:Internet                            79.94 USD

2016-09-23 * "Transfering accumulated savings to other account"
  Assets:US:BofA:Checking                           -4000 USD
  Assets:US:ETrade:Cash                              4000 USD

2016-09-27 balance Assets:US:BofA:Checking         796.72 USD

2016-10-04 * "BANK FEES" "Monthly bank fee"
  Assets:US:BofA:Checking                           -4.00 USD
  Expenses:Financial:Fees                            4.00 USD

2016-10-06 * "RiverBank Properties" "Paying the rent"
  Assets:US:BofA:Checking                        -2400.00 USD
  Expenses:Home:Rent                              2400.00 USD

2016-10-09 * "EDISON POWER" ""
  Assets:US:BofA:Checking                          -65.00 USD
  Expenses:Home:Electricity                         65.00 USD

2016-10-18 balance Assets:US:BofA:Checking         265.64 USD

2016-10-18 * "Verizon Wireless" ""
  Assets:US:BofA:Checking                          -61.41 USD
  Expenses:Home:Phone                               61.41 USD

2016-10-21 * "Wine-Tarner Cable" ""
  Assets:US:BofA:Checking                          -80.20 USD
  Expenses:Home:Internet                            80.20 USD

2016-11-03 * "RiverBank Properties" "Paying the rent"
  Assets:US:BofA:Checking                        -2400.00 USD
  Expenses:Home:Rent                              2400.00 USD

2016-11-04 * "BANK FEES" "Monthly bank fee"
  Assets:US:BofA:Checking                           -4.00 USD
  Expenses:Financial:Fees                            4.00 USD

2016-11-07 balance Assets:US:BofA:Checking        2821.23 USD

2016-11-08 * "EDISON POWER" ""
  Assets:US:BofA:Checking                          -65.00 USD
  Expenses:Home:Electricity                         65.00 USD

2016-11-18 * "Transfering accumulated savings to other account"
  Assets:US:BofA:Checking                           -3000 USD
  Assets:US:ETrade:Cash                              3000 USD

2016-11-20 * "Verizon Wireless" ""
  Assets:US:BofA:Checking                          -78.16 USD
  Expenses:Home:Phone                               78.16 USD

2016-11-23 * "Wine-Tarner Cable" ""
  Assets:US:BofA:Checking                          -80.01 USD
  Expenses:Home:Internet                            80.01 USD

2016-12-04 * "BANK FEES" "Monthly bank fee"
  Assets:US:BofA:Checking                           -4.00 USD
  Expenses:Financial:Fees                            4.00 USD

2016-12-05 balance Assets:US:BofA:Checking        3971.92 USD

2016-12-05 * "RiverBank Properties" "Paying the rent"
  Assets:US:BofA:Checking                        -2400.00 USD
  Expenses:Home:Rent                              2400.00 USD

2016-12-08 * "EDISON POWER" ""
  Assets:US:BofA:Checking                          -65.00 USD
  Expenses:Home:Electricity                         65.00 USD

2016-12-19 * "Verizon Wireless" ""
  Assets:US:BofA:Checking                          -70.90 USD
  Expenses:Home:Phone                               70.90 USD

2016-12-21 * "Wine-Tarner Cable" ""
  Assets:US:BofA:Checking                          -80.06 USD
  Expenses:Home:Internet                            80.06 USD

2016-12-31 balance Assets:US:BofA:Checking        6377.23 USD

2017-01-03 * "RiverBank Properties" "Paying the rent"
  Assets:US:BofA:Checking                        -2400.00 USD
  Expenses:Home:Rent                              2400.00 USD

2017-01-04 * "BANK FEES" "Monthly bank fee"
  Assets:US:BofA:Checking                           -4.00 USD
  Expenses:Financial:Fees                            4.00 USD

2017-01-09 * "EDISON POWER" ""
  Assets:US:BofA:Checking                          -65.00 USD
  Expenses:Home:Electricity                         65.00 USD

2017-01-20 * "Verizon Wireless" ""
  Assets:US:BofA:Checking                          -58.58 USD
  Expenses:Home:Phone                               58.58 USD

2017-01-22 * "Wine-Tarner Cable" ""
  Assets:US:BofA:Checking                          -80.04 USD
  Expenses:Home:Internet                            80.04 USD

2017-01-29 balance Assets:US:BofA:Checking        5884.67 USD

2017-02-04 * "BANK FEES" "Monthly bank fee"
  Assets:US:BofA:Checking                           -4.00 USD
  Expenses:Financial:Fees                            4.00 USD

2017-02-04 * "RiverBank Properties" "Paying the rent"
  Assets:US:BofA:Checking                        -2400.00 USD
  Expenses:Home:Rent                              2400.00 USD

2017-02-08 * "EDISON POWER" ""
  Assets:US:BofA:Checking                          -65.00 USD
  Expenses:Home:Electricity                         65.00 USD

2017-02-19 balance Assets:US:BofA:Checking        4168.23 USD

2017-02-19 * "Verizon Wireless" ""
  Assets:US:BofA:Checking                          -86.40 USD
  Expenses:Home:Phone                               86.40 USD

2017-02-22 * "Wine-Tarner Cable" ""
  Assets:US:BofA:Checking                          -80.17 USD
  Expenses:Home:Internet                            80.17 USD

2017-03-04 * "BANK FEES" "Monthly bank fee"
  Assets:US:BofA:Checking                           -4.00 USD
  Expenses:Financial:Fees                            4.00 USD

2017-03-06 * "RiverBank Properties" "Paying the rent"
  Assets:US:BofA:Checking                        -2400.00 USD
  Expenses:Home:Rent                              2400.00 USD

2017-03-09 * "EDISON POWER" ""
  Assets:US:BofA:Checking                          -65.00 USD
  Expenses:Home:Electricity                         65.00 USD

2017-03-19 * "Verizon Wireless" ""
  Assets:US:BofA:Checking                          -53.03 USD
  Expenses:Home:Phone                               53.03 USD

2017-03-20 balance Assets:US:BofA:Checking        3549.42 USD

2017-03-21 * "Wine-Tarner Cable" ""
  Assets:US:BofA:Checking                          -80.05 USD
  Expenses:Home:Internet                            80.05 USD

2017-04-03 * "RiverBank Properties" "Paying the rent"
  Assets:US:BofA:Checking                        -2400.00 USD
  Expenses:Home:Rent                              2400.00 USD

2017-04-04 * "BANK FEES" "Monthly bank fee"
  Assets:US:BofA:Checking                           -4.00 USD
  Expenses:Financial:Fees                            4.00 USD

2017-04-08 * "EDISON POWER" ""
  Assets:US:BofA:Checking                          -65.00 USD
  Expenses:Home:Electricity                         65.00 USD

2017-04-16 balance Assets:US:BofA:Checking        2006.25 USD

2017-04-19 * "Verizon Wireless" ""
  Assets:US:BofA:Checking                          -66.19 USD
  Expenses:Home:Phone                               66.19 USD

2017-04-21 * "Wine-Tarner Cable" ""
  Assets:US:BofA:Checking                          -79.91 USD
  Expenses:Home:Internet                            79.91 USD

2017-05-03 * "RiverBank Properties" "Paying the rent"
  Assets:US:BofA:Checking                        -2400.00 USD
  Expenses:Home:Rent                              2400.00 USD

2017-05-04 * "BANK FEES" "Monthly bank fee"
  Assets:US:BofA:Checking                           -4.00 USD
  Expenses:Financial:Fees                            4.00 USD

2017-05-09 * "EDISON POWER" ""
  Assets:US:BofA:Checking                          -65.00 USD
  Expenses:Home:Electricity                         65.00 USD

2017-05-13 balance Assets:US:BofA:Checking        1594.87 USD

2017-05-19 * "Verizon Wireless" ""
  Assets:US:BofA:Checking                          -56.50 USD
  Expenses:Home:Phone                               56.50 USD

2017-05-23 * "Wine-Tarner Cable" ""
  Assets:US:BofA:Checking                          -79.83 USD
  Expenses:Home:Internet                            79.83 USD

2017-06-04 * "BANK FEES" "Monthly bank fee"
  Assets:US:BofA:Checking                           -4.00 USD
  Expenses:Financial:Fees                            4.00 USD

2017-06-05 * "RiverBank Properties" "Paying the rent"
  Assets:US:BofA:Checking                        -2400.00 USD
  Expenses:Home:Rent                              2400.00 USD

2017-06-08 * "EDISON POWER" ""
  Assets:US:BofA:Checking                          -65.00 USD
  Expenses:Home:Electricity                         65.00 USD

2017-06-11 balance Assets:US:BofA:Checking        1297.97 USD

2017-06-20 * "Verizon Wireless" ""
  Assets:US:BofA:Checking                          -71.41 USD
  Expenses:Home:Phone                               71.41 USD

2017-06-21 * "Wine-Tarner Cable" ""
  Assets:US:BofA:Checking                          -79.99 USD
  Expenses:Home:Internet                            79.99 USD

2017-07-04 * "BANK FEES" "Monthly bank fee"
  Assets:US:BofA:Checking                           -4.00 USD
  Expenses:Financial:Fees                            4.00 USD

2017-07-05 * "RiverBank Properties" "Paying the rent"
  Assets:US:BofA:Checking                        -2400.00 USD
  Expenses:Home:Rent                              2400.00 USD

2017-07-06 balance Assets:US:BofA:Checking        1443.77 USD

2017-07-09 * "EDISON POWER" ""
  Assets:US:BofA:Checking                          -65.00 USD
  Expenses:Home:Electricity                         65.00 USD

2017-07-20 * "Verizon Wireless" ""
  Assets:US:BofA:Checking                          -52.63 USD
  Expenses:Home:Phone                               52.63 USD

2017-07-21 * "Wine-Tarner Cable" ""
  Assets:US:BofA:Checking                          -79.90 USD
  Expenses:Home:Internet                            79.90 USD

2017-07-28 balance Assets:US:BofA:Checking        3260.41 USD

2017-08-04 * "BANK FEES" "Monthly bank fee"
  Assets:US:BofA:Checking                           -4.00 USD
  Expenses:Financial:Fees                            4.00 USD

2017-08-04 * "RiverBank Properties" "Paying the rent"
  Assets:US:BofA:Checking                        -2400.00 USD
  Expenses:Home:Rent                              2400.00 USD

2017-08-08 * "EDISON POWER" ""
  Assets:US:BofA:Checking                          -65.00 USD
  Expenses:Home:Electricity                         65.00 USD

2017-08-20 balance Assets:US:BofA:Checking        2298.50 USD

2017-08-20 * "Verizon Wireless" ""
  Assets:US:BofA:Checking                          -61.56 USD
  Expenses:Home:Phone                               61.56 USD

2017-08-23 * "Wine-Tarner Cable" ""
  Assets:US:BofA:Checking                          -80.08 USD
  Expenses:Home:Internet                            80.08 USD

2017-08-25 * "Transfering accumulated savings to other account"
  Assets:US:BofA:Checking                           -4500 USD
  Assets:US:ETrade:Cash                              4500 USD

2017-09-04 * "BANK FEES" "Monthly bank fee"
  Assets:US:BofA:Checking                           -4.00 USD
  Expenses:Financial:Fees                            4.00 USD



* Credit-Cards

1980-05-12 open Liabilities:US:Chase:Slate                      USD

2015-01-04 * "China Garden" "Eating out with Bill"
  Liabilities:US:Chase:Slate                       -37.84 USD
  Expenses:Food:Restaurant                          37.84 USD

2015-01-09 * "Uncle Boons" "Eating out with work buddies"
  Liabilities:US:Chase:Slate                       -28.94 USD
  Expenses:Food:Restaurant                          28.94 USD

2015-01-09 * "Chase:Slate" "Paying off credit card"
  Liabilities:US:Chase:Slate                        66.78 USD
  Assets:US:BofA:Checking                          -66.78 USD

2015-01-12 * "China Garden" "Eating out alone"
  Liabilities:US:Chase:Slate                       -25.18 USD
  Expenses:Food:Restaurant                          25.18 USD

2015-01-13 * "Jewel of Morroco" "Eating out alone"
  Liabilities:US:Chase:Slate                       -50.23 USD
  Expenses:Food:Restaurant                          50.23 USD

2015-01-15 * "Jewel of Morroco" "Eating out with Julie"
  Liabilities:US:Chase:Slate                       -27.46 USD
  Expenses:Food:Restaurant                          27.46 USD

2015-01-17 * "Uncle Boons" "Eating out with work buddies"
  Liabilities:US:Chase:Slate                       -40.32 USD
  Expenses:Food:Restaurant                          40.32 USD

2015-01-18 * "China Garden" "Eating out with Joe"
  Liabilities:US:Chase:Slate                       -40.71 USD
  Expenses:Food:Restaurant                          40.71 USD

2015-01-18 * "Corner Deli" "Buying groceries"
  Liabilities:US:Chase:Slate                       -71.90 USD
  Expenses:Food:Groceries                           71.90 USD

2015-01-20 * "Kin Soy" "Eating out with Natasha"
  Liabilities:US:Chase:Slate                       -39.54 USD
  Expenses:Food:Restaurant                          39.54 USD

2015-01-21 * "Rose Flower" "Eating out with Joe"
  Liabilities:US:Chase:Slate                       -11.07 USD
  Expenses:Food:Restaurant                          11.07 USD

2015-01-22 * "Jewel of Morroco" "Eating out with Bill"
  Liabilities:US:Chase:Slate                       -39.44 USD
  Expenses:Food:Restaurant                          39.44 USD

2015-01-25 balance Liabilities:US:Chase:Slate     -345.85 USD

2015-01-27 * "Jewel of Morroco" "Eating out with Natasha"
  Liabilities:US:Chase:Slate                       -46.57 USD
  Expenses:Food:Restaurant                          46.57 USD

2015-01-31 * "Chichipotle" "Eating out with Julie"
  Liabilities:US:Chase:Slate                       -30.04 USD
  Expenses:Food:Restaurant                          30.04 USD

2015-02-03 * "Metro Transport Authority" "Tram tickets"
  Liabilities:US:Chase:Slate                      -120.00 USD
  Expenses:Transport:Tram                          120.00 USD

2015-02-04 * "Good Moods Market" "Buying groceries"
  Liabilities:US:Chase:Slate                       -56.03 USD
  Expenses:Food:Groceries                           56.03 USD

2015-02-05 * "Chichipotle" "Eating out with Joe"
  Liabilities:US:Chase:Slate                       -59.90 USD
  Expenses:Food:Restaurant                          59.90 USD

2015-02-10 * "Goba Goba" "Eating out with Julie"
  Liabilities:US:Chase:Slate                       -17.77 USD
  Expenses:Food:Restaurant                          17.77 USD

2015-02-11 * "Cafe Modagor" "Eating out with Bill"
  Liabilities:US:Chase:Slate                       -65.18 USD
  Expenses:Food:Restaurant                          65.18 USD

2015-02-11 * "Chase:Slate" "Paying off credit card"
  Liabilities:US:Chase:Slate                       741.34 USD
  Assets:US:BofA:Checking                         -741.34 USD

2015-02-12 * "Onion Market" "Buying groceries"
  Liabilities:US:Chase:Slate                       -76.77 USD
  Expenses:Food:Groceries                           76.77 USD

2015-02-14 * "Chichipotle" "Eating out "
  Liabilities:US:Chase:Slate                       -28.07 USD
  Expenses:Food:Restaurant                          28.07 USD

2015-02-16 balance Liabilities:US:Chase:Slate     -104.84 USD

2015-02-17 * "Chichipotle" "Eating out with work buddies"
  Liabilities:US:Chase:Slate                       -41.33 USD
  Expenses:Food:Restaurant                          41.33 USD

2015-02-22 * "Rose Flower" "Eating out with Julie"
  Liabilities:US:Chase:Slate                       -35.96 USD
  Expenses:Food:Restaurant                          35.96 USD

2015-02-23 * "Goba Goba" "Eating out after work"
  Liabilities:US:Chase:Slate                       -46.08 USD
  Expenses:Food:Restaurant                          46.08 USD

2015-02-27 * "Rose Flower" "Eating out with Joe"
  Liabilities:US:Chase:Slate                       -25.75 USD
  Expenses:Food:Restaurant                          25.75 USD

2015-03-01 * "Corner Deli" "Buying groceries"
  Liabilities:US:Chase:Slate                      -105.27 USD
  Expenses:Food:Groceries                          105.27 USD

2015-03-02 * "Cafe Modagor" "Eating out with work buddies"
  Liabilities:US:Chase:Slate                       -35.46 USD
  Expenses:Food:Restaurant                          35.46 USD

2015-03-03 * "Chichipotle" "Eating out with Natasha"
  Liabilities:US:Chase:Slate                       -20.31 USD
  Expenses:Food:Restaurant                          20.31 USD

2015-03-03 * "Metro Transport Authority" "Tram tickets"
  Liabilities:US:Chase:Slate                      -120.00 USD
  Expenses:Transport:Tram                          120.00 USD

2015-03-07 * "Kin Soy" "Eating out "
  Liabilities:US:Chase:Slate                       -20.32 USD
  Expenses:Food:Restaurant                          20.32 USD

2015-03-09 * "Kin Soy" "Eating out after work"
  Liabilities:US:Chase:Slate                       -23.08 USD
  Expenses:Food:Restaurant                          23.08 USD

2015-03-10 balance Liabilities:US:Chase:Slate     -578.40 USD

2015-03-11 * "Chase:Slate" "Paying off credit card"
  Liabilities:US:Chase:Slate                       601.45 USD
  Assets:US:BofA:Checking                         -601.45 USD

2015-03-12 * "Uncle Boons" "Eating out with Julie"
  Liabilities:US:Chase:Slate                       -23.05 USD
  Expenses:Food:Restaurant                          23.05 USD

2015-03-16 * "China Garden" "Eating out alone"
  Liabilities:US:Chase:Slate                       -74.79 USD
  Expenses:Food:Restaurant                          74.79 USD

2015-03-16 * "Good Moods Market" "Buying groceries"
  Liabilities:US:Chase:Slate                       -66.83 USD
  Expenses:Food:Groceries                           66.83 USD

2015-03-17 * "Uncle Boons" "Eating out with Julie"
  Liabilities:US:Chase:Slate                       -32.50 USD
  Expenses:Food:Restaurant                          32.50 USD

2015-03-22 * "Chichipotle" "Eating out with work buddies"
  Liabilities:US:Chase:Slate                       -32.37 USD
  Expenses:Food:Restaurant                          32.37 USD

2015-03-23 * "Rose Flower" "Eating out "
  Liabilities:US:Chase:Slate                       -32.33 USD
  Expenses:Food:Restaurant                          32.33 USD

2015-03-27 * "Chichipotle" "Eating out alone"
  Liabilities:US:Chase:Slate                       -19.83 USD
  Expenses:Food:Restaurant                          19.83 USD

2015-03-27 * "Farmer Fresh" "Buying groceries"
  Liabilities:US:Chase:Slate                       -95.01 USD
  Expenses:Food:Groceries                           95.01 USD

2015-03-31 balance Liabilities:US:Chase:Slate     -353.66 USD

2015-04-01 * "Rose Flower" "Eating out alone"
  Liabilities:US:Chase:Slate                       -26.12 USD
  Expenses:Food:Restaurant                          26.12 USD

2015-04-02 * "Rose Flower" "Eating out "
  Liabilities:US:Chase:Slate                       -33.54 USD
  Expenses:Food:Restaurant                          33.54 USD

2015-04-03 * "Chichipotle" "Eating out after work"
  Liabilities:US:Chase:Slate                       -36.75 USD
  Expenses:Food:Restaurant                          36.75 USD

2015-04-03 * "Corner Deli" "Buying groceries"
  Liabilities:US:Chase:Slate                       -55.31 USD
  Expenses:Food:Groceries                           55.31 USD

2015-04-03 * "Metro Transport Authority" "Tram tickets"
  Liabilities:US:Chase:Slate                      -120.00 USD
  Expenses:Transport:Tram                          120.00 USD

2015-04-06 * "Jewel of Morroco" "Eating out with Natasha"
  Liabilities:US:Chase:Slate                       -23.57 USD
  Expenses:Food:Restaurant                          23.57 USD

2015-04-08 * "Kin Soy" "Eating out with work buddies"
  Liabilities:US:Chase:Slate                       -25.48 USD
  Expenses:Food:Restaurant                          25.48 USD

2015-04-08 * "Good Moods Market" "Buying groceries"
  Liabilities:US:Chase:Slate                      -103.35 USD
  Expenses:Food:Groceries                          103.35 USD

2015-04-09 * "Chase:Slate" "Paying off credit card"
  Liabilities:US:Chase:Slate                       797.70 USD
  Assets:US:BofA:Checking                         -797.70 USD

2015-04-12 * "Kin Soy" "Eating out with work buddies"
  Liabilities:US:Chase:Slate                       -19.92 USD
  Expenses:Food:Restaurant                          19.92 USD

2015-04-16 * "Uncle Boons" "Eating out with Natasha"
  Liabilities:US:Chase:Slate                       -48.08 USD
  Expenses:Food:Restaurant                          48.08 USD

2015-04-19 * "China Garden" "Eating out after work"
  Liabilities:US:Chase:Slate                       -32.42 USD
  Expenses:Food:Restaurant                          32.42 USD

2015-04-20 * "Uncle Boons" "Eating out with Bill"
  Liabilities:US:Chase:Slate                       -24.03 USD
  Expenses:Food:Restaurant                          24.03 USD

2015-04-25 * "Uncle Boons" "Eating out after work"
  Liabilities:US:Chase:Slate                       -34.31 USD
  Expenses:Food:Restaurant                          34.31 USD

2015-04-27 balance Liabilities:US:Chase:Slate     -138.84 USD

2015-04-27 * "Corner Deli" "Buying groceries"
  Liabilities:US:Chase:Slate                       -96.21 USD
  Expenses:Food:Groceries                           96.21 USD

2015-04-28 * "Goba Goba" "Eating out with Julie"
  Liabilities:US:Chase:Slate                       -39.06 USD
  Expenses:Food:Restaurant                          39.06 USD

2015-05-01 * "Metro Transport Authority" "Tram tickets"
  Liabilities:US:Chase:Slate                      -120.00 USD
  Expenses:Transport:Tram                          120.00 USD

2015-05-02 * "Cafe Modagor" "Eating out with Bill"
  Liabilities:US:Chase:Slate                       -65.86 USD
  Expenses:Food:Restaurant                          65.86 USD

2015-05-03 * "Kin Soy" "Eating out with Joe"
  Liabilities:US:Chase:Slate                       -40.25 USD
  Expenses:Food:Restaurant                          40.25 USD

2015-05-04 * "Chichipotle" "Eating out with work buddies"
  Liabilities:US:Chase:Slate                       -31.33 USD
  Expenses:Food:Restaurant                          31.33 USD

2015-05-07 * "Kin Soy" "Eating out alone"
  Liabilities:US:Chase:Slate                       -78.38 USD
  Expenses:Food:Restaurant                          78.38 USD

2015-05-08 * "Chase:Slate" "Paying off credit card"
  Liabilities:US:Chase:Slate                       627.90 USD
  Assets:US:BofA:Checking                         -627.90 USD

2015-05-09 * "Kin Soy" "Eating out after work"
  Liabilities:US:Chase:Slate                       -17.97 USD
  Expenses:Food:Restaurant                          17.97 USD

2015-05-10 * "Goba Goba" "Eating out with Bill"
  Liabilities:US:Chase:Slate                       -35.13 USD
  Expenses:Food:Restaurant                          35.13 USD

2015-05-12 * "Good Moods Market" "Buying groceries"
  Liabilities:US:Chase:Slate                       -98.50 USD
  Expenses:Food:Groceries                           98.50 USD

2015-05-13 * "Jewel of Morroco" "Eating out with work buddies"
  Liabilities:US:Chase:Slate                       -30.14 USD
  Expenses:Food:Restaurant                          30.14 USD

2015-05-18 * "Rose Flower" "Eating out with Julie"
  Liabilities:US:Chase:Slate                       -35.59 USD
  Expenses:Food:Restaurant                          35.59 USD

2015-05-19 * "Good Moods Market" "Buying groceries"
  Liabilities:US:Chase:Slate                       -75.48 USD
  Expenses:Food:Groceries                           75.48 USD

2015-05-21 * "China Garden" "Eating out alone"
  Liabilities:US:Chase:Slate                       -22.33 USD
  Expenses:Food:Restaurant                          22.33 USD

2015-05-22 * "Chichipotle" "Eating out after work"
  Liabilities:US:Chase:Slate                       -44.73 USD
  Expenses:Food:Restaurant                          44.73 USD

2015-05-26 balance Liabilities:US:Chase:Slate     -341.90 USD

2015-05-26 * "Jewel of Morroco" "Eating out with Julie"
  Liabilities:US:Chase:Slate                       -19.27 USD
  Expenses:Food:Restaurant                          19.27 USD

2015-05-29 * "Metro Transport Authority" "Tram tickets"
  Liabilities:US:Chase:Slate                      -120.00 USD
  Expenses:Transport:Tram                          120.00 USD

2015-05-30 * "Corner Deli" "Buying groceries"
  Liabilities:US:Chase:Slate                       -86.61 USD
  Expenses:Food:Groceries                           86.61 USD

2015-05-31 * "Rose Flower" "Eating out with Natasha"
  Liabilities:US:Chase:Slate                       -57.82 USD
  Expenses:Food:Restaurant                          57.82 USD

2015-06-01 * "Chichipotle" "Eating out with Bill"
  Liabilities:US:Chase:Slate                       -27.64 USD
  Expenses:Food:Restaurant                          27.64 USD

2015-06-03 * "Jewel of Morroco" "Eating out with Bill"
  Liabilities:US:Chase:Slate                       -26.98 USD
  Expenses:Food:Restaurant                          26.98 USD

2015-06-07 * "Corner Deli" "Buying groceries"
  Liabilities:US:Chase:Slate                       -57.74 USD
  Expenses:Food:Groceries                           57.74 USD

2015-06-08 * "Kin Soy" "Eating out with Joe"
  Liabilities:US:Chase:Slate                       -35.74 USD
  Expenses:Food:Restaurant                          35.74 USD

2015-06-10 * "Chase:Slate" "Paying off credit card"
  Liabilities:US:Chase:Slate                       798.81 USD
  Assets:US:BofA:Checking                         -798.81 USD

2015-06-11 * "Rose Flower" "Eating out after work"
  Liabilities:US:Chase:Slate                       -25.11 USD
  Expenses:Food:Restaurant                          25.11 USD

2015-06-15 * "Uncle Boons" "Eating out with Joe"
  Liabilities:US:Chase:Slate                       -37.67 USD
  Expenses:Food:Restaurant                          37.67 USD

2015-06-16 balance Liabilities:US:Chase:Slate      -37.67 USD

2015-06-16 * "Jewel of Morroco" "Eating out alone"
  Liabilities:US:Chase:Slate                       -31.21 USD
  Expenses:Food:Restaurant                          31.21 USD

2015-06-18 * "Jewel of Morroco" "Eating out with Natasha"
  Liabilities:US:Chase:Slate                       -22.98 USD
  Expenses:Food:Restaurant                          22.98 USD

2015-06-23 * "Goba Goba" "Eating out "
  Liabilities:US:Chase:Slate                       -32.07 USD
  Expenses:Food:Restaurant                          32.07 USD

2015-06-24 * "Cafe Modagor" "Eating out with work buddies"
  Liabilities:US:Chase:Slate                       -36.49 USD
  Expenses:Food:Restaurant                          36.49 USD

2015-06-26 * "China Garden" "Eating out alone"
  Liabilities:US:Chase:Slate                       -32.92 USD
  Expenses:Food:Restaurant                          32.92 USD

2015-06-26 * "Farmer Fresh" "Buying groceries"
  Liabilities:US:Chase:Slate                      -113.34 USD
  Expenses:Food:Groceries                          113.34 USD

2015-07-01 * "China Garden" "Eating out with Julie"
  Liabilities:US:Chase:Slate                       -35.65 USD
  Expenses:Food:Restaurant                          35.65 USD

2015-07-01 * "Metro Transport Authority" "Tram tickets"
  Liabilities:US:Chase:Slate                      -120.00 USD
  Expenses:Transport:Tram                          120.00 USD

2015-07-05 * "Cafe Modagor" "Eating out alone"
  Liabilities:US:Chase:Slate                       -32.08 USD
  Expenses:Food:Restaurant                          32.08 USD

2015-07-05 * "Farmer Fresh" "Buying groceries"
  Liabilities:US:Chase:Slate                       -59.73 USD
  Expenses:Food:Groceries                           59.73 USD

2015-07-06 * "Uncle Boons" "Eating out with Julie"
  Liabilities:US:Chase:Slate                       -14.85 USD
  Expenses:Food:Restaurant                          14.85 USD

2015-07-09 * "Jewel of Morroco" "Eating out "
  Liabilities:US:Chase:Slate                       -17.81 USD
  Expenses:Food:Restaurant                          17.81 USD

2015-07-11 * "Chase:Slate" "Paying off credit card"
  Liabilities:US:Chase:Slate                       608.94 USD
  Assets:US:BofA:Checking                         -608.94 USD

2015-07-12 balance Liabilities:US:Chase:Slate       22.14 USD

2015-07-12 * "Rose Flower" "Eating out with Natasha"
  Liabilities:US:Chase:Slate                       -22.14 USD
  Expenses:Food:Restaurant                          22.14 USD

2015-07-17 * "Jewel of Morroco" "Eating out after work"
  Liabilities:US:Chase:Slate                       -29.57 USD
  Expenses:Food:Restaurant                          29.57 USD

2015-07-19 * "Corner Deli" "Buying groceries"
  Liabilities:US:Chase:Slate                       -69.06 USD
  Expenses:Food:Groceries                           69.06 USD

2015-07-20 * "China Garden" "Eating out alone"
  Liabilities:US:Chase:Slate                       -19.78 USD
  Expenses:Food:Restaurant                          19.78 USD

2015-07-22 * "Rose Flower" "Eating out with Natasha"
  Liabilities:US:Chase:Slate                       -24.58 USD
  Expenses:Food:Restaurant                          24.58 USD

2015-07-23 * "China Garden" "Eating out with Joe"
  Liabilities:US:Chase:Slate                       -32.48 USD
  Expenses:Food:Restaurant                          32.48 USD

2015-07-24 * "Onion Market" "Buying groceries"
  Liabilities:US:Chase:Slate                       -82.77 USD
  Expenses:Food:Groceries                           82.77 USD

2015-07-28 * "Chichipotle" "Eating out alone"
  Liabilities:US:Chase:Slate                       -48.49 USD
  Expenses:Food:Restaurant                          48.49 USD

2015-07-29 * "Rose Flower" "Eating out with Bill"
  Liabilities:US:Chase:Slate                       -40.66 USD
  Expenses:Food:Restaurant                          40.66 USD

2015-07-29 * "Good Moods Market" "Buying groceries"
  Liabilities:US:Chase:Slate                       -65.57 USD
  Expenses:Food:Groceries                           65.57 USD

2015-07-29 * "Metro Transport Authority" "Tram tickets"
  Liabilities:US:Chase:Slate                      -120.00 USD
  Expenses:Transport:Tram                          120.00 USD

2015-07-31 * "Uncle Boons" "Eating out with Bill"
  Liabilities:US:Chase:Slate                       -21.91 USD
  Expenses:Food:Restaurant                          21.91 USD

2015-08-01 * "Uncle Boons" "Eating out with work buddies"
  Liabilities:US:Chase:Slate                       -32.20 USD
  Expenses:Food:Restaurant                          32.20 USD

2015-08-04 balance Liabilities:US:Chase:Slate     -587.07 USD

2015-08-06 * "Rose Flower" "Eating out with Julie"
  Liabilities:US:Chase:Slate                       -32.68 USD
  Expenses:Food:Restaurant                          32.68 USD

2015-08-07 * "Farmer Fresh" "Buying groceries"
  Liabilities:US:Chase:Slate                       -44.06 USD
  Expenses:Food:Groceries                           44.06 USD

2015-08-07 * "Chase:Slate" "Paying off credit card"
  Liabilities:US:Chase:Slate                       663.81 USD
  Assets:US:BofA:Checking                         -663.81 USD

2015-08-08 * "Jewel of Morroco" "Eating out alone"
  Liabilities:US:Chase:Slate                       -41.97 USD
  Expenses:Food:Restaurant                          41.97 USD

2015-08-12 * "Cafe Modagor" "Eating out with Bill"
  Liabilities:US:Chase:Slate                       -66.14 USD
  Expenses:Food:Restaurant                          66.14 USD

2015-08-14 * "Cafe Modagor" "Eating out with work buddies"
  Liabilities:US:Chase:Slate                       -38.45 USD
  Expenses:Food:Restaurant                          38.45 USD

2015-08-17 * "Farmer Fresh" "Buying groceries"
  Liabilities:US:Chase:Slate                       -69.87 USD
  Expenses:Food:Groceries                           69.87 USD

2015-08-19 * "Kin Soy" "Eating out alone"
  Liabilities:US:Chase:Slate                       -28.47 USD
  Expenses:Food:Restaurant                          28.47 USD

2015-08-20 * "Goba Goba" "Eating out alone"
  Liabilities:US:Chase:Slate                       -30.87 USD
  Expenses:Food:Restaurant                          30.87 USD

2015-08-24 * "Chichipotle" "Eating out with Julie"
  Liabilities:US:Chase:Slate                       -35.06 USD
  Expenses:Food:Restaurant                          35.06 USD

2015-08-27 balance Liabilities:US:Chase:Slate     -310.83 USD

2015-08-27 * "Onion Market" "Buying groceries"
  Liabilities:US:Chase:Slate                       -72.58 USD
  Expenses:Food:Groceries                           72.58 USD

2015-08-29 * "Cafe Modagor" "Eating out with work buddies"
  Liabilities:US:Chase:Slate                       -49.67 USD
  Expenses:Food:Restaurant                          49.67 USD

2015-08-29 * "Metro Transport Authority" "Tram tickets"
  Liabilities:US:Chase:Slate                      -120.00 USD
  Expenses:Transport:Tram                          120.00 USD

2015-08-30 * "Chichipotle" "Eating out alone"
  Liabilities:US:Chase:Slate                       -44.87 USD
  Expenses:Food:Restaurant                          44.87 USD

2015-09-01 * "Jewel of Morroco" "Eating out alone"
  Liabilities:US:Chase:Slate                       -26.32 USD
  Expenses:Food:Restaurant                          26.32 USD

2015-09-03 * "Jewel of Morroco" "Eating out with work buddies"
  Liabilities:US:Chase:Slate                       -23.14 USD
  Expenses:Food:Restaurant                          23.14 USD

2015-09-07 event "location" "Los Angeles"

2015-09-07 * "Chase:Slate" "Paying off credit card"
  Liabilities:US:Chase:Slate                       688.42 USD
  Assets:US:BofA:Checking                         -688.42 USD

2015-09-08 * "Mr. Marcel" "" #trip-los-angeles-2015
  Liabilities:US:Chase:Slate                       -37.30 USD
  Expenses:Food:Restaurant                          37.30 USD

2015-09-08 * "Starbucks" "" #trip-los-angeles-2015
  Liabilities:US:Chase:Slate                        -6.12 USD
  Expenses:Food:Coffee                               6.12 USD

2015-09-09 * "Dupar's" "" #trip-los-angeles-2015
  Liabilities:US:Chase:Slate                       -20.89 USD
  Expenses:Food:Restaurant                          20.89 USD

2015-09-09 * "Chipotle" "" #trip-los-angeles-2015
  Liabilities:US:Chase:Slate                       -16.08 USD
  Expenses:Food:Restaurant                          16.08 USD

2015-09-09 * "Starbucks" "" #trip-los-angeles-2015
  Liabilities:US:Chase:Slate                        -4.86 USD
  Expenses:Food:Coffee                               4.86 USD

2015-09-10 * "Mr. Marcel" "" #trip-los-angeles-2015
  Liabilities:US:Chase:Slate                       -44.67 USD
  Expenses:Food:Restaurant                          44.67 USD

2015-09-10 * "Dupar's" "" #trip-los-angeles-2015
  Liabilities:US:Chase:Slate                       -26.44 USD
  Expenses:Food:Restaurant                          26.44 USD

2015-09-10 * "Starbucks" "" #trip-los-angeles-2015
  Liabilities:US:Chase:Slate                        -5.27 USD
  Expenses:Food:Coffee                               5.27 USD

2015-09-12 * "Mr. Marcel" "" #trip-los-angeles-2015
  Liabilities:US:Chase:Slate                       -43.08 USD
  Expenses:Food:Restaurant                          43.08 USD

2015-09-12 * "Banana Leaf" "" #trip-los-angeles-2015
  Liabilities:US:Chase:Slate                       -27.51 USD
  Expenses:Food:Restaurant                          27.51 USD

2015-09-12 * "Pampas Grill" "" #trip-los-angeles-2015
  Liabilities:US:Chase:Slate                       -27.05 USD
  Expenses:Food:Restaurant                          27.05 USD

2015-09-13 * "Mr. Marcel" "" #trip-los-angeles-2015
  Liabilities:US:Chase:Slate                       -22.80 USD
  Expenses:Food:Restaurant                          22.80 USD

2015-09-14 * "Starbucks" "" #trip-los-angeles-2015
  Liabilities:US:Chase:Slate                        -5.68 USD
  Expenses:Food:Coffee                               5.68 USD

2015-09-15 * "Banana Leaf" "" #trip-los-angeles-2015
  Liabilities:US:Chase:Slate                       -25.28 USD
  Expenses:Food:Restaurant                          25.28 USD

2015-09-15 * "Pampas Grill" "" #trip-los-angeles-2015
  Liabilities:US:Chase:Slate                       -24.12 USD
  Expenses:Food:Restaurant                          24.12 USD

2015-09-16 * "China Garden" "Eating out with Natasha"
  Liabilities:US:Chase:Slate                       -41.01 USD
  Expenses:Food:Restaurant                          41.01 USD

2015-09-16 * "Banana Leaf" "" #trip-los-angeles-2015
  Liabilities:US:Chase:Slate                       -23.03 USD
  Expenses:Food:Restaurant                          23.03 USD

2015-09-16 * "Chipotle" "" #trip-los-angeles-2015
  Liabilities:US:Chase:Slate                       -17.88 USD
  Expenses:Food:Restaurant                          17.88 USD

2015-09-16 * "Consume vacation days"
  Assets:US:Hoogle:Vacation                           -72 VACHR
  Expenses:Vacation                                    72 VACHR

2015-09-16 event "location" "New Metropolis"

2015-09-19 * "China Garden" "Eating out with Natasha"
  Liabilities:US:Chase:Slate                       -32.34 USD
  Expenses:Food:Restaurant                          32.34 USD

2015-09-24 * "China Garden" "Eating out "
  Liabilities:US:Chase:Slate                       -19.85 USD
  Expenses:Food:Restaurant                          19.85 USD

2015-09-25 balance Liabilities:US:Chase:Slate     -430.25 USD

2015-09-27 * "Corner Deli" "Buying groceries"
  Liabilities:US:Chase:Slate                       -64.95 USD
  Expenses:Food:Groceries                           64.95 USD

2015-09-27 * "Metro Transport Authority" "Tram tickets"
  Liabilities:US:Chase:Slate                      -120.00 USD
  Expenses:Transport:Tram                          120.00 USD

2015-09-29 * "Cafe Modagor" "Eating out "
  Liabilities:US:Chase:Slate                       -28.34 USD
  Expenses:Food:Restaurant                          28.34 USD

2015-10-02 * "Cafe Modagor" "Eating out with Julie"
  Liabilities:US:Chase:Slate                       -31.89 USD
  Expenses:Food:Restaurant                          31.89 USD

2015-10-03 * "China Garden" "Eating out with Natasha"
  Liabilities:US:Chase:Slate                       -39.17 USD
  Expenses:Food:Restaurant                          39.17 USD

2015-10-07 * "Jewel of Morroco" "Eating out with Julie"
  Liabilities:US:Chase:Slate                       -19.37 USD
  Expenses:Food:Restaurant                          19.37 USD

2015-10-08 * "Rose Flower" "Eating out after work"
  Liabilities:US:Chase:Slate                       -27.19 USD
  Expenses:Food:Restaurant                          27.19 USD

2015-10-09 * "Chichipotle" "Eating out "
  Liabilities:US:Chase:Slate                       -20.17 USD
  Expenses:Food:Restaurant                          20.17 USD

2015-10-09 * "Chase:Slate" "Paying off credit card"
  Liabilities:US:Chase:Slate                       403.27 USD
  Assets:US:BofA:Checking                         -403.27 USD

2015-10-11 * "Jewel of Morroco" "Eating out "
  Liabilities:US:Chase:Slate                       -50.41 USD
  Expenses:Food:Restaurant                          50.41 USD

2015-10-13 * "Farmer Fresh" "Buying groceries"
  Liabilities:US:Chase:Slate                       -54.93 USD
  Expenses:Food:Groceries                           54.93 USD

2015-10-14 * "Cafe Modagor" "Eating out with Joe"
  Liabilities:US:Chase:Slate                       -35.25 USD
  Expenses:Food:Restaurant                          35.25 USD

2015-10-15 balance Liabilities:US:Chase:Slate     -518.65 USD

2015-10-17 * "Kin Soy" "Eating out with Joe"
  Liabilities:US:Chase:Slate                       -31.12 USD
  Expenses:Food:Restaurant                          31.12 USD

2015-10-22 * "Chichipotle" "Eating out with Bill"
  Liabilities:US:Chase:Slate                       -40.46 USD
  Expenses:Food:Restaurant                          40.46 USD

2015-10-24 * "China Garden" "Eating out with work buddies"
  Liabilities:US:Chase:Slate                       -33.23 USD
  Expenses:Food:Restaurant                          33.23 USD

2015-10-26 * "Metro Transport Authority" "Tram tickets"
  Liabilities:US:Chase:Slate                      -120.00 USD
  Expenses:Transport:Tram                          120.00 USD

2015-10-29 * "China Garden" "Eating out with Natasha"
  Liabilities:US:Chase:Slate                       -19.22 USD
  Expenses:Food:Restaurant                          19.22 USD

2015-11-01 * "Rose Flower" "Eating out with Bill"
  Liabilities:US:Chase:Slate                       -39.78 USD
  Expenses:Food:Restaurant                          39.78 USD

2015-11-02 * "Good Moods Market" "Buying groceries"
  Liabilities:US:Chase:Slate                       -81.97 USD
  Expenses:Food:Groceries                           81.97 USD

2015-11-06 * "Rose Flower" "Eating out with Natasha"
  Liabilities:US:Chase:Slate                       -42.46 USD
  Expenses:Food:Restaurant                          42.46 USD

2015-11-07 balance Liabilities:US:Chase:Slate     -926.89 USD

2015-11-11 * "Cafe Modagor" "Eating out with Julie"
  Liabilities:US:Chase:Slate                       -45.93 USD
  Expenses:Food:Restaurant                          45.93 USD

2015-11-11 * "Chase:Slate" "Paying off credit card"
  Liabilities:US:Chase:Slate                       594.76 USD
  Assets:US:BofA:Checking                         -594.76 USD

2015-11-14 * "Goba Goba" "Eating out with Joe"
  Liabilities:US:Chase:Slate                       -24.93 USD
  Expenses:Food:Restaurant                          24.93 USD

2015-11-16 * "Uncle Boons" "Eating out with Joe"
  Liabilities:US:Chase:Slate                       -43.89 USD
  Expenses:Food:Restaurant                          43.89 USD

2015-11-17 * "Rose Flower" "Eating out alone"
  Liabilities:US:Chase:Slate                       -24.07 USD
  Expenses:Food:Restaurant                          24.07 USD

2015-11-19 * "Rose Flower" "Eating out alone"
  Liabilities:US:Chase:Slate                       -23.74 USD
  Expenses:Food:Restaurant                          23.74 USD

2015-11-19 * "Good Moods Market" "Buying groceries"
  Liabilities:US:Chase:Slate                       -76.94 USD
  Expenses:Food:Groceries                           76.94 USD

2015-11-24 * "Goba Goba" "Eating out "
  Liabilities:US:Chase:Slate                       -36.01 USD
  Expenses:Food:Restaurant                          36.01 USD

2015-11-25 * "Chichipotle" "Eating out with Bill"
  Liabilities:US:Chase:Slate                       -52.31 USD
  Expenses:Food:Restaurant                          52.31 USD

2015-11-25 * "Metro Transport Authority" "Tram tickets"
  Liabilities:US:Chase:Slate                      -120.00 USD
  Expenses:Transport:Tram                          120.00 USD

2015-11-30 * "Chichipotle" "Eating out with Natasha"
  Liabilities:US:Chase:Slate                       -23.39 USD
  Expenses:Food:Restaurant                          23.39 USD

2015-12-03 * "Chichipotle" "Eating out alone"
  Liabilities:US:Chase:Slate                       -28.32 USD
  Expenses:Food:Restaurant                          28.32 USD

2015-12-04 balance Liabilities:US:Chase:Slate     -831.66 USD

2015-12-07 * "Chase:Slate" "Paying off credit card"
  Liabilities:US:Chase:Slate                       482.79 USD
  Assets:US:BofA:Checking                         -482.79 USD

2015-12-08 * "Chichipotle" "Eating out with Joe"
  Liabilities:US:Chase:Slate                       -29.19 USD
  Expenses:Food:Restaurant                          29.19 USD

2015-12-08 * "Farmer Fresh" "Buying groceries"
  Liabilities:US:Chase:Slate                       -99.86 USD
  Expenses:Food:Groceries                           99.86 USD

2015-12-11 * "China Garden" "Eating out with Bill"
  Liabilities:US:Chase:Slate                       -40.46 USD
  Expenses:Food:Restaurant                          40.46 USD

2015-12-14 * "Jewel of Morroco" "Eating out "
  Liabilities:US:Chase:Slate                       -32.79 USD
  Expenses:Food:Restaurant                          32.79 USD

2015-12-18 * "Kin Soy" "Eating out "
  Liabilities:US:Chase:Slate                       -26.60 USD
  Expenses:Food:Restaurant                          26.60 USD

2015-12-19 * "Chichipotle" "Eating out with Julie"
  Liabilities:US:Chase:Slate                       -31.58 USD
  Expenses:Food:Restaurant                          31.58 USD

2015-12-21 * "China Garden" "Eating out with Joe"
  Liabilities:US:Chase:Slate                       -31.35 USD
  Expenses:Food:Restaurant                          31.35 USD

2015-12-22 * "Cafe Modagor" "Eating out with work buddies"
  Liabilities:US:Chase:Slate                       -45.56 USD
  Expenses:Food:Restaurant                          45.56 USD

2015-12-22 * "Metro Transport Authority" "Tram tickets"
  Liabilities:US:Chase:Slate                      -120.00 USD
  Expenses:Transport:Tram                          120.00 USD

2015-12-25 * "Uncle Boons" "Eating out with work buddies"
  Liabilities:US:Chase:Slate                       -36.76 USD
  Expenses:Food:Restaurant                          36.76 USD

2015-12-27 * "Rose Flower" "Eating out with Bill"
  Liabilities:US:Chase:Slate                       -42.53 USD
  Expenses:Food:Restaurant                          42.53 USD

2015-12-27 * "Good Moods Market" "Buying groceries"
  Liabilities:US:Chase:Slate                       -53.36 USD
  Expenses:Food:Groceries                           53.36 USD

2015-12-29 * "Kin Soy" "Eating out with Joe"
  Liabilities:US:Chase:Slate                       -39.79 USD
  Expenses:Food:Restaurant                          39.79 USD

2015-12-30 balance Liabilities:US:Chase:Slate     -978.70 USD

2016-01-03 * "Chichipotle" "Eating out with Julie"
  Liabilities:US:Chase:Slate                       -58.01 USD
  Expenses:Food:Restaurant                          58.01 USD

2016-01-06 * "China Garden" "Eating out alone"
  Liabilities:US:Chase:Slate                       -11.01 USD
  Expenses:Food:Restaurant                          11.01 USD

2016-01-08 * "Uncle Boons" "Eating out with Natasha"
  Liabilities:US:Chase:Slate                       -25.37 USD
  Expenses:Food:Restaurant                          25.37 USD

2016-01-08 * "Chase:Slate" "Paying off credit card"
  Liabilities:US:Chase:Slate                       695.03 USD
  Assets:US:BofA:Checking                         -695.03 USD

2016-01-10 * "Onion Market" "Buying groceries"
  Liabilities:US:Chase:Slate                       -85.69 USD
  Expenses:Food:Groceries                           85.69 USD

2016-01-13 * "Chichipotle" "Eating out after work"
  Liabilities:US:Chase:Slate                       -42.59 USD
  Expenses:Food:Restaurant                          42.59 USD

2016-01-18 * "China Garden" "Eating out with work buddies"
  Liabilities:US:Chase:Slate                       -26.11 USD
  Expenses:Food:Restaurant                          26.11 USD

2016-01-19 * "Corner Deli" "Buying groceries"
  Liabilities:US:Chase:Slate                       -58.59 USD
  Expenses:Food:Groceries                           58.59 USD

2016-01-22 * "China Garden" "Eating out with Bill"
  Liabilities:US:Chase:Slate                       -34.62 USD
  Expenses:Food:Restaurant                          34.62 USD

2016-01-22 * "Metro Transport Authority" "Tram tickets"
  Liabilities:US:Chase:Slate                      -120.00 USD
  Expenses:Transport:Tram                          120.00 USD

2016-01-26 * "Corner Deli" "Buying groceries"
  Liabilities:US:Chase:Slate                       -69.95 USD
  Expenses:Food:Groceries                           69.95 USD

2016-01-27 * "Cafe Modagor" "Eating out with Julie"
  Liabilities:US:Chase:Slate                       -20.38 USD
  Expenses:Food:Restaurant                          20.38 USD

2016-01-28 balance Liabilities:US:Chase:Slate     -835.99 USD

2016-01-29 * "China Garden" "Eating out with Natasha"
  Liabilities:US:Chase:Slate                       -31.99 USD
  Expenses:Food:Restaurant                          31.99 USD

2016-01-30 * "Kin Soy" "Eating out with Julie"
  Liabilities:US:Chase:Slate                       -28.29 USD
  Expenses:Food:Restaurant                          28.29 USD

2016-01-31 * "Jewel of Morroco" "Eating out after work"
  Liabilities:US:Chase:Slate                       -22.45 USD
  Expenses:Food:Restaurant                          22.45 USD

2016-02-01 * "Rose Flower" "Eating out with Julie"
  Liabilities:US:Chase:Slate                       -32.99 USD
  Expenses:Food:Restaurant                          32.99 USD

2016-02-04 * "China Garden" "Eating out with Joe"
  Liabilities:US:Chase:Slate                       -33.50 USD
  Expenses:Food:Restaurant                          33.50 USD

2016-02-09 * "Cafe Modagor" "Eating out with work buddies"
  Liabilities:US:Chase:Slate                       -22.04 USD
  Expenses:Food:Restaurant                          22.04 USD

2016-02-09 * "Chase:Slate" "Paying off credit card"
  Liabilities:US:Chase:Slate                       629.19 USD
  Assets:US:BofA:Checking                         -629.19 USD

2016-02-11 * "Farmer Fresh" "Buying groceries"
  Liabilities:US:Chase:Slate                      -102.42 USD
  Expenses:Food:Groceries                          102.42 USD

2016-02-12 * "Chichipotle" "Eating out alone"
  Liabilities:US:Chase:Slate                       -22.73 USD
  Expenses:Food:Restaurant                          22.73 USD

2016-02-15 * "China Garden" "Eating out with Bill"
  Liabilities:US:Chase:Slate                       -30.47 USD
  Expenses:Food:Restaurant                          30.47 USD

2016-02-16 * "Chichipotle" "Eating out "
  Liabilities:US:Chase:Slate                       -22.88 USD
  Expenses:Food:Restaurant                          22.88 USD

2016-02-17 * "China Garden" "Eating out with Joe"
  Liabilities:US:Chase:Slate                       -36.41 USD
  Expenses:Food:Restaurant                          36.41 USD

2016-02-19 balance Liabilities:US:Chase:Slate     -592.97 USD

2016-02-22 * "Cafe Modagor" "Eating out alone"
  Liabilities:US:Chase:Slate                       -54.22 USD
  Expenses:Food:Restaurant                          54.22 USD

2016-02-22 * "Onion Market" "Buying groceries"
  Liabilities:US:Chase:Slate                       -76.58 USD
  Expenses:Food:Groceries                           76.58 USD

2016-02-24 * "Metro Transport Authority" "Tram tickets"
  Liabilities:US:Chase:Slate                      -120.00 USD
  Expenses:Transport:Tram                          120.00 USD

2016-02-25 * "China Garden" "Eating out "
  Liabilities:US:Chase:Slate                       -51.79 USD
  Expenses:Food:Restaurant                          51.79 USD

2016-02-26 * "Jewel of Morroco" "Eating out "
  Liabilities:US:Chase:Slate                       -31.79 USD
  Expenses:Food:Restaurant                          31.79 USD

2016-02-27 * "Rose Flower" "Eating out with Bill"
  Liabilities:US:Chase:Slate                       -18.01 USD
  Expenses:Food:Restaurant                          18.01 USD

2016-03-01 * "Chichipotle" "Eating out with Joe"
  Liabilities:US:Chase:Slate                       -37.90 USD
  Expenses:Food:Restaurant                          37.90 USD

2016-03-05 * "Jewel of Morroco" "Eating out with work buddies"
  Liabilities:US:Chase:Slate                       -20.46 USD
  Expenses:Food:Restaurant                          20.46 USD

2016-03-06 * "Farmer Fresh" "Buying groceries"
  Liabilities:US:Chase:Slate                       -77.97 USD
  Expenses:Food:Groceries                           77.97 USD

2016-03-07 * "Jewel of Morroco" "Eating out alone"
  Liabilities:US:Chase:Slate                       -19.59 USD
  Expenses:Food:Restaurant                          19.59 USD

2016-03-08 * "Chase:Slate" "Paying off credit card"
  Liabilities:US:Chase:Slate                       759.90 USD
  Assets:US:BofA:Checking                         -759.90 USD

2016-03-12 * "China Garden" "Eating out with Julie"
  Liabilities:US:Chase:Slate                       -36.68 USD
  Expenses:Food:Restaurant                          36.68 USD

2016-03-13 * "Cafe Modagor" "Eating out "
  Liabilities:US:Chase:Slate                       -17.71 USD
  Expenses:Food:Restaurant                          17.71 USD

2016-03-16 balance Liabilities:US:Chase:Slate     -395.77 USD

2016-03-18 * "Goba Goba" "Eating out with work buddies"
  Liabilities:US:Chase:Slate                       -30.42 USD
  Expenses:Food:Restaurant                          30.42 USD

2016-03-20 * "China Garden" "Eating out "
  Liabilities:US:Chase:Slate                       -34.98 USD
  Expenses:Food:Restaurant                          34.98 USD

2016-03-23 * "Farmer Fresh" "Buying groceries"
  Liabilities:US:Chase:Slate                       -61.40 USD
  Expenses:Food:Groceries                           61.40 USD

2016-03-25 * "Uncle Boons" "Eating out with Natasha"
  Liabilities:US:Chase:Slate                       -17.61 USD
  Expenses:Food:Restaurant                          17.61 USD

2016-03-27 * "Metro Transport Authority" "Tram tickets"
  Liabilities:US:Chase:Slate                      -120.00 USD
  Expenses:Transport:Tram                          120.00 USD

2016-03-30 * "Kin Soy" "Eating out with work buddies"
  Liabilities:US:Chase:Slate                       -22.59 USD
  Expenses:Food:Restaurant                          22.59 USD

2016-04-03 * "Rose Flower" "Eating out with work buddies"
  Liabilities:US:Chase:Slate                       -37.41 USD
  Expenses:Food:Restaurant                          37.41 USD

2016-04-03 * "Good Moods Market" "Buying groceries"
  Liabilities:US:Chase:Slate                       -83.94 USD
  Expenses:Food:Groceries                           83.94 USD

2016-04-07 * "Uncle Boons" "Eating out with Joe"
  Liabilities:US:Chase:Slate                       -21.74 USD
  Expenses:Food:Restaurant                          21.74 USD

2016-04-08 * "Chase:Slate" "Paying off credit card"
  Liabilities:US:Chase:Slate                       494.49 USD
  Assets:US:BofA:Checking                         -494.49 USD

2016-04-09 balance Liabilities:US:Chase:Slate     -331.37 USD

2016-04-11 event "location" "Los Angeles"

2016-04-12 * "Banana Leaf" "" #trip-los-angeles-2016
  Liabilities:US:Chase:Slate                       -24.65 USD
  Expenses:Food:Restaurant                          24.65 USD

2016-04-12 * "Dupar's" "" #trip-los-angeles-2016
  Liabilities:US:Chase:Slate                       -27.13 USD
  Expenses:Food:Restaurant                          27.13 USD

2016-04-12 * "Starbucks" "" #trip-los-angeles-2016
  Liabilities:US:Chase:Slate                        -5.94 USD
  Expenses:Food:Coffee                               5.94 USD

2016-04-13 * "Banana Leaf" "" #trip-los-angeles-2016
  Liabilities:US:Chase:Slate                       -21.93 USD
  Expenses:Food:Restaurant                          21.93 USD

2016-04-13 * "Dupar's" "" #trip-los-angeles-2016
  Liabilities:US:Chase:Slate                       -32.01 USD
  Expenses:Food:Restaurant                          32.01 USD

2016-04-13 * "E.B.'s Beer and Wine" "" #trip-los-angeles-2016
  Liabilities:US:Chase:Slate                        -8.14 USD
  Expenses:Food:Alcohol                              8.14 USD

2016-04-14 * "Dupar's" "" #trip-los-angeles-2016
  Liabilities:US:Chase:Slate                       -25.88 USD
  Expenses:Food:Restaurant                          25.88 USD

2016-04-15 * "Mr. Marcel" "" #trip-los-angeles-2016
  Liabilities:US:Chase:Slate                       -43.66 USD
  Expenses:Food:Restaurant                          43.66 USD

2016-04-15 * "Banana Leaf" "" #trip-los-angeles-2016
  Liabilities:US:Chase:Slate                       -23.85 USD
  Expenses:Food:Restaurant                          23.85 USD

2016-04-15 * "Pampas Grill" "" #trip-los-angeles-2016
  Liabilities:US:Chase:Slate                       -28.16 USD
  Expenses:Food:Restaurant                          28.16 USD

2016-04-15 * "E.B.'s Beer and Wine" "" #trip-los-angeles-2016
  Liabilities:US:Chase:Slate                        -9.42 USD
  Expenses:Food:Alcohol                              9.42 USD

2016-04-16 * "Dupar's" "" #trip-los-angeles-2016
  Liabilities:US:Chase:Slate                       -31.02 USD
  Expenses:Food:Restaurant                          31.02 USD

2016-04-16 * "E.B.'s Beer and Wine" "" #trip-los-angeles-2016
  Liabilities:US:Chase:Slate                        -8.57 USD
  Expenses:Food:Alcohol                              8.57 USD

2016-04-17 * "Banana Leaf" "" #trip-los-angeles-2016
  Liabilities:US:Chase:Slate                       -30.91 USD
  Expenses:Food:Restaurant                          30.91 USD

2016-04-17 * "Chipotle" "" #trip-los-angeles-2016
  Liabilities:US:Chase:Slate                       -17.90 USD
  Expenses:Food:Restaurant                          17.90 USD

2016-04-18 * "Chipotle" "" #trip-los-angeles-2016
  Liabilities:US:Chase:Slate                       -16.29 USD
  Expenses:Food:Restaurant                          16.29 USD

2016-04-18 * "E.B.'s Beer and Wine" "" #trip-los-angeles-2016
  Liabilities:US:Chase:Slate                        -8.76 USD
  Expenses:Food:Alcohol                              8.76 USD

2016-04-19 * "Mr. Marcel" "" #trip-los-angeles-2016
  Liabilities:US:Chase:Slate                       -32.01 USD
  Expenses:Food:Restaurant                          32.01 USD

2016-04-19 * "Banana Leaf" "" #trip-los-angeles-2016
  Liabilities:US:Chase:Slate                       -24.37 USD
  Expenses:Food:Restaurant                          24.37 USD

2016-04-19 * "Starbucks" "" #trip-los-angeles-2016
  Liabilities:US:Chase:Slate                        -5.23 USD
  Expenses:Food:Coffee                               5.23 USD

2016-04-19 * "Consume vacation days"
  Assets:US:Hoogle:Vacation                           -64 VACHR
  Expenses:Vacation                                    64 VACHR

2016-04-19 event "location" "New Metropolis"

2016-04-20 * "Goba Goba" "Eating out with work buddies"
  Liabilities:US:Chase:Slate                       -46.69 USD
  Expenses:Food:Restaurant                          46.69 USD

2016-04-21 * "Chichipotle" "Eating out alone"
  Liabilities:US:Chase:Slate                       -18.25 USD
  Expenses:Food:Restaurant                          18.25 USD

2016-04-22 * "Rose Flower" "Eating out alone"
  Liabilities:US:Chase:Slate                       -54.13 USD
  Expenses:Food:Restaurant                          54.13 USD

2016-04-23 * "Metro Transport Authority" "Tram tickets"
  Liabilities:US:Chase:Slate                      -120.00 USD
  Expenses:Transport:Tram                          120.00 USD

2016-04-25 * "Rose Flower" "Eating out with Julie"
  Liabilities:US:Chase:Slate                       -17.43 USD
  Expenses:Food:Restaurant                          17.43 USD

2016-04-25 * "Onion Market" "Buying groceries"
  Liabilities:US:Chase:Slate                       -64.35 USD
  Expenses:Food:Groceries                           64.35 USD

2016-04-29 * "Cafe Modagor" "Eating out with Natasha"
  Liabilities:US:Chase:Slate                       -53.91 USD
  Expenses:Food:Restaurant                          53.91 USD

2016-05-01 * "Chichipotle" "Eating out with Joe"
  Liabilities:US:Chase:Slate                       -60.48 USD
  Expenses:Food:Restaurant                          60.48 USD

2016-05-04 balance Liabilities:US:Chase:Slate    -1192.44 USD

2016-05-05 * "Cafe Modagor" "Eating out with work buddies"
  Liabilities:US:Chase:Slate                       -43.14 USD
  Expenses:Food:Restaurant                          43.14 USD

2016-05-05 * "Onion Market" "Buying groceries"
  Liabilities:US:Chase:Slate                       -95.03 USD
  Expenses:Food:Groceries                           95.03 USD

2016-05-08 * "Chichipotle" "Eating out with Natasha"
  Liabilities:US:Chase:Slate                       -29.13 USD
  Expenses:Food:Restaurant                          29.13 USD

2016-05-09 * "Chase:Slate" "Paying off credit card"
  Liabilities:US:Chase:Slate                       585.53 USD
  Assets:US:BofA:Checking                         -585.53 USD

2016-05-10 * "Cafe Modagor" "Eating out with Julie"
  Liabilities:US:Chase:Slate                       -29.68 USD
  Expenses:Food:Restaurant                          29.68 USD

2016-05-14 * "Cafe Modagor" "Eating out with Julie"
  Liabilities:US:Chase:Slate                       -30.77 USD
  Expenses:Food:Restaurant                          30.77 USD

2016-05-15 * "Uncle Boons" "Eating out with Natasha"
  Liabilities:US:Chase:Slate                       -38.18 USD
  Expenses:Food:Restaurant                          38.18 USD

2016-05-20 * "Chichipotle" "Eating out alone"
  Liabilities:US:Chase:Slate                       -28.11 USD
  Expenses:Food:Restaurant                          28.11 USD

2016-05-21 * "Chichipotle" "Eating out alone"
  Liabilities:US:Chase:Slate                       -39.60 USD
  Expenses:Food:Restaurant                          39.60 USD

2016-05-21 * "Farmer Fresh" "Buying groceries"
  Liabilities:US:Chase:Slate                       -90.17 USD
  Expenses:Food:Groceries                           90.17 USD

2016-05-23 * "Metro Transport Authority" "Tram tickets"
  Liabilities:US:Chase:Slate                      -120.00 USD
  Expenses:Transport:Tram                          120.00 USD

2016-05-26 * "Cafe Modagor" "Eating out with work buddies"
  Liabilities:US:Chase:Slate                       -37.61 USD
  Expenses:Food:Restaurant                          37.61 USD

2016-05-27 * "Chichipotle" "Eating out with Joe"
  Liabilities:US:Chase:Slate                       -26.33 USD
  Expenses:Food:Restaurant                          26.33 USD

2016-05-30 * "Rose Flower" "Eating out with Joe"
  Liabilities:US:Chase:Slate                       -32.27 USD
  Expenses:Food:Restaurant                          32.27 USD

2016-05-31 balance Liabilities:US:Chase:Slate    -1246.93 USD

2016-06-02 * "Farmer Fresh" "Buying groceries"
  Liabilities:US:Chase:Slate                       -68.13 USD
  Expenses:Food:Groceries                           68.13 USD

2016-06-03 * "Rose Flower" "Eating out with Bill"
  Liabilities:US:Chase:Slate                       -46.57 USD
  Expenses:Food:Restaurant                          46.57 USD

2016-06-04 * "China Garden" "Eating out with Natasha"
  Liabilities:US:Chase:Slate                       -21.83 USD
  Expenses:Food:Restaurant                          21.83 USD

2016-06-06 * "Rose Flower" "Eating out with Julie"
  Liabilities:US:Chase:Slate                       -14.17 USD
  Expenses:Food:Restaurant                          14.17 USD

2016-06-08 * "Kin Soy" "Eating out with Joe"
  Liabilities:US:Chase:Slate                       -42.18 USD
  Expenses:Food:Restaurant                          42.18 USD

2016-06-09 * "Chase:Slate" "Paying off credit card"
  Liabilities:US:Chase:Slate                       704.67 USD
  Assets:US:BofA:Checking                         -704.67 USD

2016-06-11 * "Cafe Modagor" "Eating out "
  Liabilities:US:Chase:Slate                       -68.75 USD
  Expenses:Food:Restaurant                          68.75 USD

2016-06-15 * "Goba Goba" "Eating out with work buddies"
  Liabilities:US:Chase:Slate                       -31.02 USD
  Expenses:Food:Restaurant                          31.02 USD

2016-06-18 * "Rose Flower" "Eating out alone"
  Liabilities:US:Chase:Slate                       -37.36 USD
  Expenses:Food:Restaurant                          37.36 USD

2016-06-18 * "Farmer Fresh" "Buying groceries"
  Liabilities:US:Chase:Slate                       -55.88 USD
  Expenses:Food:Groceries                           55.88 USD

2016-06-21 * "Chichipotle" "Eating out alone"
  Liabilities:US:Chase:Slate                       -36.89 USD
  Expenses:Food:Restaurant                          36.89 USD

2016-06-23 * "Kin Soy" "Eating out with work buddies"
  Liabilities:US:Chase:Slate                       -35.14 USD
  Expenses:Food:Restaurant                          35.14 USD

2016-06-25 * "Kin Soy" "Eating out with Julie"
  Liabilities:US:Chase:Slate                       -36.95 USD
  Expenses:Food:Restaurant                          36.95 USD

2016-06-25 * "Metro Transport Authority" "Tram tickets"
  Liabilities:US:Chase:Slate                      -120.00 USD
  Expenses:Transport:Tram                          120.00 USD

2016-06-28 balance Liabilities:US:Chase:Slate    -1157.13 USD

2016-06-30 * "Kin Soy" "Eating out with work buddies"
  Liabilities:US:Chase:Slate                       -21.76 USD
  Expenses:Food:Restaurant                          21.76 USD

2016-07-01 * "Good Moods Market" "Buying groceries"
  Liabilities:US:Chase:Slate                       -88.22 USD
  Expenses:Food:Groceries                           88.22 USD

2016-07-03 * "Goba Goba" "Eating out with Julie"
  Liabilities:US:Chase:Slate                       -18.87 USD
  Expenses:Food:Restaurant                          18.87 USD

2016-07-05 * "Cafe Modagor" "Eating out alone"
  Liabilities:US:Chase:Slate                       -25.31 USD
  Expenses:Food:Restaurant                          25.31 USD

2016-07-09 * "Kin Soy" "Eating out with Natasha"
  Liabilities:US:Chase:Slate                       -17.49 USD
  Expenses:Food:Restaurant                          17.49 USD

2016-07-10 * "Good Moods Market" "Buying groceries"
  Liabilities:US:Chase:Slate                       -78.12 USD
  Expenses:Food:Groceries                           78.12 USD

2016-07-11 * "Chase:Slate" "Paying off credit card"
  Liabilities:US:Chase:Slate                       628.31 USD
  Assets:US:BofA:Checking                         -628.31 USD

2016-07-14 * "Rose Flower" "Eating out with Bill"
  Liabilities:US:Chase:Slate                       -25.30 USD
  Expenses:Food:Restaurant                          25.30 USD

2016-07-17 * "China Garden" "Eating out with Joe"
  Liabilities:US:Chase:Slate                       -27.23 USD
  Expenses:Food:Restaurant                          27.23 USD

2016-07-18 * "Rose Flower" "Eating out after work"
  Liabilities:US:Chase:Slate                       -17.34 USD
  Expenses:Food:Restaurant                          17.34 USD

2016-07-21 * "Jewel of Morroco" "Eating out with Bill"
  Liabilities:US:Chase:Slate                       -40.29 USD
  Expenses:Food:Restaurant                          40.29 USD

2016-07-23 * "Goba Goba" "Eating out with Julie"
  Liabilities:US:Chase:Slate                       -21.86 USD
  Expenses:Food:Restaurant                          21.86 USD

2016-07-23 * "Metro Transport Authority" "Tram tickets"
  Liabilities:US:Chase:Slate                      -120.00 USD
  Expenses:Transport:Tram                          120.00 USD

2016-07-25 balance Liabilities:US:Chase:Slate    -1030.61 USD

2016-07-25 * "Farmer Fresh" "Buying groceries"
  Liabilities:US:Chase:Slate                       -75.61 USD
  Expenses:Food:Groceries                           75.61 USD

2016-07-26 * "Uncle Boons" "Eating out with Joe"
  Liabilities:US:Chase:Slate                       -28.43 USD
  Expenses:Food:Restaurant                          28.43 USD

2016-07-28 * "Uncle Boons" "Eating out "
  Liabilities:US:Chase:Slate                       -11.07 USD
  Expenses:Food:Restaurant                          11.07 USD

2016-07-29 * "China Garden" "Eating out with Joe"
  Liabilities:US:Chase:Slate                       -33.20 USD
  Expenses:Food:Restaurant                          33.20 USD

2016-08-02 * "Kin Soy" "Eating out alone"
  Liabilities:US:Chase:Slate                       -27.76 USD
  Expenses:Food:Restaurant                          27.76 USD

2016-08-06 * "Rose Flower" "Eating out with Bill"
  Liabilities:US:Chase:Slate                       -29.05 USD
  Expenses:Food:Restaurant                          29.05 USD

2016-08-11 * "Cafe Modagor" "Eating out "
  Liabilities:US:Chase:Slate                       -16.95 USD
  Expenses:Food:Restaurant                          16.95 USD

2016-08-11 * "Good Moods Market" "Buying groceries"
  Liabilities:US:Chase:Slate                      -118.95 USD
  Expenses:Food:Groceries                          118.95 USD

2016-08-11 * "Chase:Slate" "Paying off credit card"
  Liabilities:US:Chase:Slate                       448.79 USD
  Assets:US:BofA:Checking                         -448.79 USD

2016-08-12 * "Kin Soy" "Eating out alone"
  Liabilities:US:Chase:Slate                       -22.07 USD
  Expenses:Food:Restaurant                          22.07 USD

2016-08-17 balance Liabilities:US:Chase:Slate     -944.91 USD

2016-08-17 * "Chichipotle" "Eating out alone"
  Liabilities:US:Chase:Slate                       -24.43 USD
  Expenses:Food:Restaurant                          24.43 USD

2016-08-20 * "Jewel of Morroco" "Eating out with Natasha"
  Liabilities:US:Chase:Slate                       -44.63 USD
  Expenses:Food:Restaurant                          44.63 USD

2016-08-21 * "Metro Transport Authority" "Tram tickets"
  Liabilities:US:Chase:Slate                      -120.00 USD
  Expenses:Transport:Tram                          120.00 USD

2016-08-23 * "Goba Goba" "Eating out with Bill"
  Liabilities:US:Chase:Slate                       -31.35 USD
  Expenses:Food:Restaurant                          31.35 USD

2016-08-25 * "Good Moods Market" "Buying groceries"
  Liabilities:US:Chase:Slate                       -97.97 USD
  Expenses:Food:Groceries                           97.97 USD

2016-08-26 * "Cafe Modagor" "Eating out with Joe"
  Liabilities:US:Chase:Slate                       -19.73 USD
  Expenses:Food:Restaurant                          19.73 USD

2016-08-27 * "Cafe Modagor" "Eating out after work"
  Liabilities:US:Chase:Slate                       -26.48 USD
  Expenses:Food:Restaurant                          26.48 USD

2016-08-28 * "Chichipotle" "Eating out after work"
  Liabilities:US:Chase:Slate                       -30.66 USD
  Expenses:Food:Restaurant                          30.66 USD

2016-09-01 * "China Garden" "Eating out with work buddies"
  Liabilities:US:Chase:Slate                       -49.56 USD
  Expenses:Food:Restaurant                          49.56 USD

2016-09-06 * "Jewel of Morroco" "Eating out with Bill"
  Liabilities:US:Chase:Slate                       -28.16 USD
  Expenses:Food:Restaurant                          28.16 USD

2016-09-07 * "Cafe Modagor" "Eating out with work buddies"
  Liabilities:US:Chase:Slate                       -15.41 USD
  Expenses:Food:Restaurant                          15.41 USD

2016-09-09 * "Farmer Fresh" "Buying groceries"
  Liabilities:US:Chase:Slate                       -49.40 USD
  Expenses:Food:Groceries                           49.40 USD

2016-09-11 * "Chichipotle" "Eating out with Julie"
  Liabilities:US:Chase:Slate                       -28.88 USD
  Expenses:Food:Restaurant                          28.88 USD

2016-09-11 * "Chase:Slate" "Paying off credit card"
  Liabilities:US:Chase:Slate                       707.68 USD
  Assets:US:BofA:Checking                         -707.68 USD

2016-09-15 balance Liabilities:US:Chase:Slate     -803.89 USD

2016-09-15 * "Jewel of Morroco" "Eating out with Joe"
  Liabilities:US:Chase:Slate                       -25.63 USD
  Expenses:Food:Restaurant                          25.63 USD

2016-09-18 * "Farmer Fresh" "Buying groceries"
  Liabilities:US:Chase:Slate                       -83.46 USD
  Expenses:Food:Groceries                           83.46 USD

2016-09-18 * "Metro Transport Authority" "Tram tickets"
  Liabilities:US:Chase:Slate                      -120.00 USD
  Expenses:Transport:Tram                          120.00 USD

2016-09-20 * "Kin Soy" "Eating out after work"
  Liabilities:US:Chase:Slate                       -54.05 USD
  Expenses:Food:Restaurant                          54.05 USD

2016-09-21 * "China Garden" "Eating out with Joe"
  Liabilities:US:Chase:Slate                       -20.53 USD
  Expenses:Food:Restaurant                          20.53 USD

2016-09-25 * "Kin Soy" "Eating out "
  Liabilities:US:Chase:Slate                       -35.62 USD
  Expenses:Food:Restaurant                          35.62 USD

2016-09-25 * "Good Moods Market" "Buying groceries"
  Liabilities:US:Chase:Slate                       -75.76 USD
  Expenses:Food:Groceries                           75.76 USD

2016-09-26 * "Chichipotle" "Eating out with Bill"
  Liabilities:US:Chase:Slate                       -23.39 USD
  Expenses:Food:Restaurant                          23.39 USD

2016-09-28 * "China Garden" "Eating out alone"
  Liabilities:US:Chase:Slate                       -14.74 USD
  Expenses:Food:Restaurant                          14.74 USD

2016-09-29 * "Goba Goba" "Eating out with Bill"
  Liabilities:US:Chase:Slate                       -42.59 USD
  Expenses:Food:Restaurant                          42.59 USD

2016-10-04 * "Rose Flower" "Eating out alone"
  Liabilities:US:Chase:Slate                       -42.36 USD
  Expenses:Food:Restaurant                          42.36 USD

2016-10-05 balance Liabilities:US:Chase:Slate    -1342.02 USD

2016-10-08 * "Cafe Modagor" "Eating out with Julie"
  Liabilities:US:Chase:Slate                       -23.79 USD
  Expenses:Food:Restaurant                          23.79 USD

2016-10-09 * "Chase:Slate" "Paying off credit card"
  Liabilities:US:Chase:Slate                       612.68 USD
  Assets:US:BofA:Checking                         -612.68 USD

2016-10-12 * "Onion Market" "Buying groceries"
  Liabilities:US:Chase:Slate                       -50.76 USD
  Expenses:Food:Groceries                           50.76 USD

2016-10-13 * "Cafe Modagor" "Eating out with work buddies"
  Liabilities:US:Chase:Slate                       -17.13 USD
  Expenses:Food:Restaurant                          17.13 USD

2016-10-15 * "Cafe Modagor" "Eating out alone"
  Liabilities:US:Chase:Slate                       -45.34 USD
  Expenses:Food:Restaurant                          45.34 USD

2016-10-17 * "Rose Flower" "Eating out after work"
  Liabilities:US:Chase:Slate                       -32.38 USD
  Expenses:Food:Restaurant                          32.38 USD

2016-10-18 * "Goba Goba" "Eating out with Julie"
  Liabilities:US:Chase:Slate                       -40.41 USD
  Expenses:Food:Restaurant                          40.41 USD

2016-10-18 * "Onion Market" "Buying groceries"
  Liabilities:US:Chase:Slate                       -94.78 USD
  Expenses:Food:Groceries                           94.78 USD

2016-10-19 * "Metro Transport Authority" "Tram tickets"
  Liabilities:US:Chase:Slate                      -120.00 USD
  Expenses:Transport:Tram                          120.00 USD

2016-10-22 * "Rose Flower" "Eating out "
  Liabilities:US:Chase:Slate                       -44.32 USD
  Expenses:Food:Restaurant                          44.32 USD

2016-10-25 * "Good Moods Market" "Buying groceries"
  Liabilities:US:Chase:Slate                       -67.50 USD
  Expenses:Food:Groceries                           67.50 USD

2016-10-26 * "Rose Flower" "Eating out with Joe"
  Liabilities:US:Chase:Slate                       -23.74 USD
  Expenses:Food:Restaurant                          23.74 USD

2016-10-29 balance Liabilities:US:Chase:Slate    -1289.49 USD

2016-10-31 * "Goba Goba" "Eating out with Julie"
  Liabilities:US:Chase:Slate                       -17.84 USD
  Expenses:Food:Restaurant                          17.84 USD

2016-11-02 * "Farmer Fresh" "Buying groceries"
  Liabilities:US:Chase:Slate                      -111.98 USD
  Expenses:Food:Groceries                          111.98 USD

2016-11-04 * "Goba Goba" "Eating out alone"
  Liabilities:US:Chase:Slate                       -33.05 USD
  Expenses:Food:Restaurant                          33.05 USD

2016-11-05 * "Uncle Boons" "Eating out alone"
  Liabilities:US:Chase:Slate                       -15.35 USD
  Expenses:Food:Restaurant                          15.35 USD

2016-11-07 * "Jewel of Morroco" "Eating out alone"
  Liabilities:US:Chase:Slate                       -22.77 USD
  Expenses:Food:Restaurant                          22.77 USD

2016-11-11 * "Chase:Slate" "Paying off credit card"
  Liabilities:US:Chase:Slate                       723.34 USD
  Assets:US:BofA:Checking                         -723.34 USD

2016-11-12 * "Chichipotle" "Eating out with Julie"
  Liabilities:US:Chase:Slate                       -36.75 USD
  Expenses:Food:Restaurant                          36.75 USD

2016-11-14 * "Jewel of Morroco" "Eating out with Natasha"
  Liabilities:US:Chase:Slate                       -21.36 USD
  Expenses:Food:Restaurant                          21.36 USD

2016-11-16 event "location" "Chicago"

2016-11-18 * "Mercadito" "" #trip-chicago-2016
  Liabilities:US:Chase:Slate                       -39.66 USD
  Expenses:Food:Restaurant                          39.66 USD

2016-11-18 * "25 Degrees Burger Bar" "" #trip-chicago-2016
  Liabilities:US:Chase:Slate                       -18.22 USD
  Expenses:Food:Restaurant                          18.22 USD

2016-11-18 * "Eataly Chicago" "" #trip-chicago-2016
  Liabilities:US:Chase:Slate                       -33.75 USD
  Expenses:Food:Restaurant                          33.75 USD

2016-11-18 * "Argo Tea" "" #trip-chicago-2016
  Liabilities:US:Chase:Slate                        -6.15 USD
  Expenses:Food:Coffee                               6.15 USD

2016-11-19 * "Star of Siam" "" #trip-chicago-2016
  Liabilities:US:Chase:Slate                       -21.64 USD
  Expenses:Food:Restaurant                          21.64 USD

2016-11-19 * "Mercadito" "" #trip-chicago-2016
  Liabilities:US:Chase:Slate                       -42.08 USD
  Expenses:Food:Restaurant                          42.08 USD

2016-11-19 * "25 Degrees Burger Bar" "" #trip-chicago-2016
  Liabilities:US:Chase:Slate                       -22.55 USD
  Expenses:Food:Restaurant                          22.55 USD

2016-11-20 * "Mercadito" "" #trip-chicago-2016
  Liabilities:US:Chase:Slate                       -39.85 USD
  Expenses:Food:Restaurant                          39.85 USD

2016-11-20 * "Eataly Chicago" "" #trip-chicago-2016
  Liabilities:US:Chase:Slate                       -36.22 USD
  Expenses:Food:Restaurant                          36.22 USD

2016-11-21 * "Argo Tea" "" #trip-chicago-2016
  Liabilities:US:Chase:Slate                        -5.73 USD
  Expenses:Food:Coffee                               5.73 USD

2016-11-22 * "Another Sports Pub" "" #trip-chicago-2016
  Liabilities:US:Chase:Slate                       -11.74 USD
  Expenses:Food:Alcohol                             11.74 USD

2016-11-22 * "Argo Tea" "" #trip-chicago-2016
  Liabilities:US:Chase:Slate                        -6.91 USD
  Expenses:Food:Coffee                               6.91 USD

2016-11-23 * "25 Degrees Burger Bar" "" #trip-chicago-2016
  Liabilities:US:Chase:Slate                       -23.44 USD
  Expenses:Food:Restaurant                          23.44 USD

2016-11-24 balance Liabilities:US:Chase:Slate    -1133.19 USD

2016-11-24 * "Eataly Chicago" "" #trip-chicago-2016
  Liabilities:US:Chase:Slate                       -44.41 USD
  Expenses:Food:Restaurant                          44.41 USD

2016-11-25 * "Mercadito" "" #trip-chicago-2016
  Liabilities:US:Chase:Slate                       -38.25 USD
  Expenses:Food:Restaurant                          38.25 USD

2016-11-26 * "Star of Siam" "" #trip-chicago-2016
  Liabilities:US:Chase:Slate                       -28.12 USD
  Expenses:Food:Restaurant                          28.12 USD

2016-11-26 * "Another Sports Pub" "" #trip-chicago-2016
  Liabilities:US:Chase:Slate                        -8.77 USD
  Expenses:Food:Alcohol                              8.77 USD

2016-11-27 * "25 Degrees Burger Bar" "" #trip-chicago-2016
  Liabilities:US:Chase:Slate                       -25.71 USD
  Expenses:Food:Restaurant                          25.71 USD

2016-11-27 * "Eataly Chicago" "" #trip-chicago-2016
  Liabilities:US:Chase:Slate                       -40.06 USD
  Expenses:Food:Restaurant                          40.06 USD

2016-11-27 * "Another Sports Pub" "" #trip-chicago-2016
  Liabilities:US:Chase:Slate                        -8.18 USD
  Expenses:Food:Alcohol                              8.18 USD

2016-11-28 * "Mercadito" "" #trip-chicago-2016
  Liabilities:US:Chase:Slate                       -39.89 USD
  Expenses:Food:Restaurant                          39.89 USD

2016-11-29 * "China Garden" "Eating out with Bill"
  Liabilities:US:Chase:Slate                       -53.71 USD
  Expenses:Food:Restaurant                          53.71 USD

2016-11-29 * "Good Moods Market" "Buying groceries"
  Liabilities:US:Chase:Slate                      -107.91 USD
  Expenses:Food:Groceries                          107.91 USD

2016-11-29 * "Consume vacation days"
  Assets:US:Hoogle:Vacation                          -104 VACHR
  Expenses:Vacation                                   104 VACHR

2016-11-29 event "location" "New Metropolis"

2016-12-03 * "Goba Goba" "Eating out alone"
  Liabilities:US:Chase:Slate                       -36.54 USD
  Expenses:Food:Restaurant                          36.54 USD

2016-12-05 * "Jewel of Morroco" "Eating out with Natasha"
  Liabilities:US:Chase:Slate                       -25.96 USD
  Expenses:Food:Restaurant                          25.96 USD

2016-12-05 * "Farmer Fresh" "Buying groceries"
  Liabilities:US:Chase:Slate                      -104.09 USD
  Expenses:Food:Groceries                          104.09 USD

2016-12-09 * "Chichipotle" "Eating out with Bill"
  Liabilities:US:Chase:Slate                       -19.46 USD
  Expenses:Food:Restaurant                          19.46 USD

2016-12-11 * "Chase:Slate" "Paying off credit card"
  Liabilities:US:Chase:Slate                       399.93 USD
  Assets:US:BofA:Checking                         -399.93 USD

2016-12-14 * "Uncle Boons" "Eating out with Joe"
  Liabilities:US:Chase:Slate                       -30.90 USD
  Expenses:Food:Restaurant                          30.90 USD

2016-12-16 * "Farmer Fresh" "Buying groceries"
  Liabilities:US:Chase:Slate                      -119.27 USD
  Expenses:Food:Groceries                          119.27 USD

2016-12-17 * "Jewel of Morroco" "Eating out "
  Liabilities:US:Chase:Slate                       -45.48 USD
  Expenses:Food:Restaurant                          45.48 USD

2016-12-20 * "Metro Transport Authority" "Tram tickets"
  Liabilities:US:Chase:Slate                      -120.00 USD
  Expenses:Transport:Tram                          120.00 USD

2016-12-21 balance Liabilities:US:Chase:Slate    -1629.97 USD

2016-12-22 * "Kin Soy" "Eating out with work buddies"
  Liabilities:US:Chase:Slate                       -34.80 USD
  Expenses:Food:Restaurant                          34.80 USD

2016-12-27 * "Kin Soy" "Eating out with Bill"
  Liabilities:US:Chase:Slate                       -27.77 USD
  Expenses:Food:Restaurant                          27.77 USD

2016-12-28 * "Farmer Fresh" "Buying groceries"
  Liabilities:US:Chase:Slate                       -53.44 USD
  Expenses:Food:Groceries                           53.44 USD

2016-12-31 * "Cafe Modagor" "Eating out "
  Liabilities:US:Chase:Slate                       -22.90 USD
  Expenses:Food:Restaurant                          22.90 USD

2017-01-04 * "Rose Flower" "Eating out with Joe"
  Liabilities:US:Chase:Slate                       -39.14 USD
  Expenses:Food:Restaurant                          39.14 USD

2017-01-07 * "Jewel of Morroco" "Eating out after work"
  Liabilities:US:Chase:Slate                       -39.95 USD
  Expenses:Food:Restaurant                          39.95 USD

2017-01-11 * "Corner Deli" "Buying groceries"
  Liabilities:US:Chase:Slate                       -83.39 USD
  Expenses:Food:Groceries                           83.39 USD

2017-01-11 * "Chase:Slate" "Paying off credit card"
  Liabilities:US:Chase:Slate                       586.14 USD
  Assets:US:BofA:Checking                         -586.14 USD

2017-01-12 * "Uncle Boons" "Eating out with Natasha"
  Liabilities:US:Chase:Slate                       -24.80 USD
  Expenses:Food:Restaurant                          24.80 USD

2017-01-14 * "Rose Flower" "Eating out with Bill"
  Liabilities:US:Chase:Slate                       -25.58 USD
  Expenses:Food:Restaurant                          25.58 USD

2017-01-15 balance Liabilities:US:Chase:Slate    -1395.60 USD

2017-01-16 * "Uncle Boons" "Eating out with Bill"
  Liabilities:US:Chase:Slate                       -23.00 USD
  Expenses:Food:Restaurant                          23.00 USD

2017-01-17 * "Metro Transport Authority" "Tram tickets"
  Liabilities:US:Chase:Slate                      -120.00 USD
  Expenses:Transport:Tram                          120.00 USD

2017-01-20 * "Rose Flower" "Eating out with Natasha"
  Liabilities:US:Chase:Slate                       -41.27 USD
  Expenses:Food:Restaurant                          41.27 USD

2017-01-25 * "Uncle Boons" "Eating out with work buddies"
  Liabilities:US:Chase:Slate                       -21.34 USD
  Expenses:Food:Restaurant                          21.34 USD

2017-01-26 * "China Garden" "Eating out with Bill"
  Liabilities:US:Chase:Slate                       -20.28 USD
  Expenses:Food:Restaurant                          20.28 USD

2017-01-27 * "Farmer Fresh" "Buying groceries"
  Liabilities:US:Chase:Slate                       -98.19 USD
  Expenses:Food:Groceries                           98.19 USD

2017-01-29 * "China Garden" "Eating out with work buddies"
  Liabilities:US:Chase:Slate                       -20.88 USD
  Expenses:Food:Restaurant                          20.88 USD

2017-02-01 * "Kin Soy" "Eating out alone"
  Liabilities:US:Chase:Slate                       -46.67 USD
  Expenses:Food:Restaurant                          46.67 USD

2017-02-02 * "Rose Flower" "Eating out with work buddies"
  Liabilities:US:Chase:Slate                       -75.11 USD
  Expenses:Food:Restaurant                          75.11 USD

2017-02-07 * "Goba Goba" "Eating out with work buddies"
  Liabilities:US:Chase:Slate                       -30.94 USD
  Expenses:Food:Restaurant                          30.94 USD

2017-02-10 balance Liabilities:US:Chase:Slate    -1893.28 USD

2017-02-11 * "Cafe Modagor" "Eating out with Natasha"
  Liabilities:US:Chase:Slate                       -49.98 USD
  Expenses:Food:Restaurant                          49.98 USD

2017-02-11 * "Chase:Slate" "Paying off credit card"
  Liabilities:US:Chase:Slate                       598.04 USD
  Assets:US:BofA:Checking                         -598.04 USD

2017-02-12 * "Onion Market" "Buying groceries"
  Liabilities:US:Chase:Slate                       -97.27 USD
  Expenses:Food:Groceries                           97.27 USD

2017-02-13 * "Metro Transport Authority" "Tram tickets"
  Liabilities:US:Chase:Slate                      -120.00 USD
  Expenses:Transport:Tram                          120.00 USD

2017-02-16 * "Chichipotle" "Eating out with Joe"
  Liabilities:US:Chase:Slate                       -30.31 USD
  Expenses:Food:Restaurant                          30.31 USD

2017-02-18 * "China Garden" "Eating out after work"
  Liabilities:US:Chase:Slate                       -44.29 USD
  Expenses:Food:Restaurant                          44.29 USD

2017-02-19 * "Onion Market" "Buying groceries"
  Liabilities:US:Chase:Slate                       -94.71 USD
  Expenses:Food:Groceries                           94.71 USD

2017-02-21 * "China Garden" "Eating out with Joe"
  Liabilities:US:Chase:Slate                       -32.25 USD
  Expenses:Food:Restaurant                          32.25 USD

2017-02-24 * "Kin Soy" "Eating out with Joe"
  Liabilities:US:Chase:Slate                       -38.48 USD
  Expenses:Food:Restaurant                          38.48 USD

2017-02-28 * "Kin Soy" "Eating out with Joe"
  Liabilities:US:Chase:Slate                       -29.44 USD
  Expenses:Food:Restaurant                          29.44 USD

2017-03-02 * "Farmer Fresh" "Buying groceries"
  Liabilities:US:Chase:Slate                       -84.20 USD
  Expenses:Food:Groceries                           84.20 USD

2017-03-04 balance Liabilities:US:Chase:Slate    -1916.17 USD

2017-03-05 * "Jewel of Morroco" "Eating out with Natasha"
  Liabilities:US:Chase:Slate                       -33.74 USD
  Expenses:Food:Restaurant                          33.74 USD

2017-03-10 * "Rose Flower" "Eating out with Joe"
  Liabilities:US:Chase:Slate                       -26.72 USD
  Expenses:Food:Restaurant                          26.72 USD

2017-03-10 * "Chase:Slate" "Paying off credit card"
  Liabilities:US:Chase:Slate                       631.41 USD
  Assets:US:BofA:Checking                         -631.41 USD

2017-03-13 * "Chichipotle" "Eating out with Natasha"
  Liabilities:US:Chase:Slate                       -16.23 USD
  Expenses:Food:Restaurant                          16.23 USD

2017-03-14 * "Metro Transport Authority" "Tram tickets"
  Liabilities:US:Chase:Slate                      -120.00 USD
  Expenses:Transport:Tram                          120.00 USD

2017-03-15 * "Rose Flower" "Eating out with Bill"
  Liabilities:US:Chase:Slate                       -33.88 USD
  Expenses:Food:Restaurant                          33.88 USD

2017-03-17 * "Uncle Boons" "Eating out alone"
  Liabilities:US:Chase:Slate                       -47.56 USD
  Expenses:Food:Restaurant                          47.56 USD

2017-03-17 * "Corner Deli" "Buying groceries"
  Liabilities:US:Chase:Slate                       -69.48 USD
  Expenses:Food:Groceries                           69.48 USD

2017-03-18 * "Cafe Modagor" "Eating out with Bill"
  Liabilities:US:Chase:Slate                       -38.49 USD
  Expenses:Food:Restaurant                          38.49 USD

2017-03-22 * "Cafe Modagor" "Eating out with Joe"
  Liabilities:US:Chase:Slate                       -18.56 USD
  Expenses:Food:Restaurant                          18.56 USD

2017-03-24 * "Rose Flower" "Eating out with Joe"
  Liabilities:US:Chase:Slate                       -21.04 USD
  Expenses:Food:Restaurant                          21.04 USD

2017-03-27 * "Goba Goba" "Eating out "
  Liabilities:US:Chase:Slate                       -17.33 USD
  Expenses:Food:Restaurant                          17.33 USD

2017-03-28 * "Kin Soy" "Eating out after work"
  Liabilities:US:Chase:Slate                       -29.61 USD
  Expenses:Food:Restaurant                          29.61 USD

2017-03-30 balance Liabilities:US:Chase:Slate    -1757.40 USD

2017-03-30 * "Jewel of Morroco" "Eating out "
  Liabilities:US:Chase:Slate                       -49.73 USD
  Expenses:Food:Restaurant                          49.73 USD

2017-04-01 * "Corner Deli" "Buying groceries"
  Liabilities:US:Chase:Slate                       -90.73 USD
  Expenses:Food:Groceries                           90.73 USD

2017-04-03 * "China Garden" "Eating out with Bill"
  Liabilities:US:Chase:Slate                       -44.17 USD
  Expenses:Food:Restaurant                          44.17 USD

2017-04-07 * "Goba Goba" "Eating out with Julie"
  Liabilities:US:Chase:Slate                       -21.67 USD
  Expenses:Food:Restaurant                          21.67 USD

2017-04-08 * "Cafe Modagor" "Eating out with Bill"
  Liabilities:US:Chase:Slate                       -37.15 USD
  Expenses:Food:Restaurant                          37.15 USD

2017-04-10 * "Chase:Slate" "Paying off credit card"
  Liabilities:US:Chase:Slate                       775.63 USD
  Assets:US:BofA:Checking                         -775.63 USD

2017-04-11 * "Metro Transport Authority" "Tram tickets"
  Liabilities:US:Chase:Slate                      -120.00 USD
  Expenses:Transport:Tram                          120.00 USD

2017-04-12 * "Chichipotle" "Eating out alone"
  Liabilities:US:Chase:Slate                       -20.51 USD
  Expenses:Food:Restaurant                          20.51 USD

2017-04-15 * "Jewel of Morroco" "Eating out after work"
  Liabilities:US:Chase:Slate                       -15.40 USD
  Expenses:Food:Restaurant                          15.40 USD

2017-04-16 * "Uncle Boons" "Eating out alone"
  Liabilities:US:Chase:Slate                       -24.63 USD
  Expenses:Food:Restaurant                          24.63 USD

2017-04-19 balance Liabilities:US:Chase:Slate    -1405.76 USD

2017-04-19 * "Good Moods Market" "Buying groceries"
  Liabilities:US:Chase:Slate                       -90.67 USD
  Expenses:Food:Groceries                           90.67 USD

2017-04-20 * "Rose Flower" "Eating out alone"
  Liabilities:US:Chase:Slate                       -21.78 USD
  Expenses:Food:Restaurant                          21.78 USD

2017-04-22 * "Cafe Modagor" "Eating out with Joe"
  Liabilities:US:Chase:Slate                       -15.90 USD
  Expenses:Food:Restaurant                          15.90 USD

2017-04-23 * "Cafe Modagor" "Eating out with work buddies"
  Liabilities:US:Chase:Slate                       -22.11 USD
  Expenses:Food:Restaurant                          22.11 USD

2017-04-25 * "Chichipotle" "Eating out with Bill"
  Liabilities:US:Chase:Slate                       -24.54 USD
  Expenses:Food:Restaurant                          24.54 USD

2017-04-27 * "Kin Soy" "Eating out with work buddies"
  Liabilities:US:Chase:Slate                       -27.92 USD
  Expenses:Food:Restaurant                          27.92 USD

2017-04-30 * "Cafe Modagor" "Eating out with Bill"
  Liabilities:US:Chase:Slate                       -27.80 USD
  Expenses:Food:Restaurant                          27.80 USD

2017-05-03 * "Kin Soy" "Eating out with Natasha"
  Liabilities:US:Chase:Slate                       -38.02 USD
  Expenses:Food:Restaurant                          38.02 USD

2017-05-05 * "Corner Deli" "Buying groceries"
  Liabilities:US:Chase:Slate                       -73.44 USD
  Expenses:Food:Groceries                           73.44 USD

2017-05-06 * "China Garden" "Eating out with Joe"
  Liabilities:US:Chase:Slate                       -23.30 USD
  Expenses:Food:Restaurant                          23.30 USD

2017-05-10 * "Chase:Slate" "Paying off credit card"
  Liabilities:US:Chase:Slate                       497.48 USD
  Assets:US:BofA:Checking                         -497.48 USD

2017-05-11 * "Goba Goba" "Eating out "
  Liabilities:US:Chase:Slate                       -71.46 USD
  Expenses:Food:Restaurant                          71.46 USD

2017-05-12 * "Metro Transport Authority" "Tram tickets"
  Liabilities:US:Chase:Slate                      -120.00 USD
  Expenses:Transport:Tram                          120.00 USD

2017-05-16 * "Jewel of Morroco" "Eating out with Natasha"
  Liabilities:US:Chase:Slate                       -44.12 USD
  Expenses:Food:Restaurant                          44.12 USD

2017-05-16 * "Good Moods Market" "Buying groceries"
  Liabilities:US:Chase:Slate                       -88.39 USD
  Expenses:Food:Groceries                           88.39 USD

2017-05-18 event "location" "Boston"

2017-05-19 balance Liabilities:US:Chase:Slate    -1597.73 USD

2017-05-20 * "Franklin Cafe" "" #trip-boston-2017
  Liabilities:US:Chase:Slate                       -33.76 USD
  Expenses:Food:Restaurant                          33.76 USD

2017-05-21 * "Franklin Cafe" "" #trip-boston-2017
  Liabilities:US:Chase:Slate                       -31.70 USD
  Expenses:Food:Restaurant                          31.70 USD

2017-05-22 * "Legal Seafood" "" #trip-boston-2017
  Liabilities:US:Chase:Slate                       -32.23 USD
  Expenses:Food:Restaurant                          32.23 USD

2017-05-24 * "Franklin Cafe" "" #trip-boston-2017
  Liabilities:US:Chase:Slate                       -24.59 USD
  Expenses:Food:Restaurant                          24.59 USD

2017-05-25 * "Giacomo's Restaurant" "" #trip-boston-2017
  Liabilities:US:Chase:Slate                       -38.36 USD
  Expenses:Food:Restaurant                          38.36 USD

2017-05-25 * "Franklin Cafe" "" #trip-boston-2017
  Liabilities:US:Chase:Slate                       -24.67 USD
  Expenses:Food:Restaurant                          24.67 USD

2017-05-25 * "Starbucks" "" #trip-boston-2017
  Liabilities:US:Chase:Slate                        -6.14 USD
  Expenses:Food:Coffee                               6.14 USD

2017-05-26 * "Giacomo's Restaurant" "" #trip-boston-2017
  Liabilities:US:Chase:Slate                       -45.67 USD
  Expenses:Food:Restaurant                          45.67 USD

2017-05-28 * "Legal Seafood" "" #trip-boston-2017
  Liabilities:US:Chase:Slate                       -34.51 USD
  Expenses:Food:Restaurant                          34.51 USD

2017-05-29 * "Giacomo's Restaurant" "" #trip-boston-2017
  Liabilities:US:Chase:Slate                       -40.18 USD
  Expenses:Food:Restaurant                          40.18 USD

2017-05-29 * "Legal Seafood" "" #trip-boston-2017
  Liabilities:US:Chase:Slate                       -35.09 USD
  Expenses:Food:Restaurant                          35.09 USD

2017-05-29 * "Franklin Cafe" "" #trip-boston-2017
  Liabilities:US:Chase:Slate                       -32.92 USD
  Expenses:Food:Restaurant                          32.92 USD

2017-05-30 * "Franklin Cafe" "" #trip-boston-2017
  Liabilities:US:Chase:Slate                       -27.07 USD
  Expenses:Food:Restaurant                          27.07 USD

2017-05-31 * "Giacomo's Restaurant" "" #trip-boston-2017
  Liabilities:US:Chase:Slate                       -43.16 USD
  Expenses:Food:Restaurant                          43.16 USD

2017-05-31 * "Starbucks" "" #trip-boston-2017
  Liabilities:US:Chase:Slate                        -6.16 USD
  Expenses:Food:Coffee                               6.16 USD

2017-06-01 * "Starbucks" "" #trip-boston-2017
  Liabilities:US:Chase:Slate                        -5.54 USD
  Expenses:Food:Coffee                               5.54 USD

2017-06-02 * "Giacomo's Restaurant" "" #trip-boston-2017
  Liabilities:US:Chase:Slate                       -36.43 USD
  Expenses:Food:Restaurant                          36.43 USD

2017-06-03 * "Legal Seafood" "" #trip-boston-2017
  Liabilities:US:Chase:Slate                       -33.82 USD
  Expenses:Food:Restaurant                          33.82 USD

2017-06-03 * "Starbucks" "" #trip-boston-2017
  Liabilities:US:Chase:Slate                        -7.25 USD
  Expenses:Food:Coffee                               7.25 USD

2017-06-03 * "Consume vacation days"
  Assets:US:Hoogle:Vacation                          -128 VACHR
  Expenses:Vacation                                   128 VACHR

2017-06-03 event "location" "New Metropolis"

2017-06-04 * "Uncle Boons" "Eating out "
  Liabilities:US:Chase:Slate                       -32.97 USD
  Expenses:Food:Restaurant                          32.97 USD

2017-06-05 * "China Garden" "Eating out with Joe"
  Liabilities:US:Chase:Slate                       -32.80 USD
  Expenses:Food:Restaurant                          32.80 USD

2017-06-09 * "Goba Goba" "Eating out with Julie"
  Liabilities:US:Chase:Slate                       -47.98 USD
  Expenses:Food:Restaurant                          47.98 USD

2017-06-10 * "Chase:Slate" "Paying off credit card"
  Liabilities:US:Chase:Slate                       392.77 USD
  Assets:US:BofA:Checking                         -392.77 USD

2017-06-12 * "Jewel of Morroco" "Eating out alone"
  Liabilities:US:Chase:Slate                       -26.51 USD
  Expenses:Food:Restaurant                          26.51 USD

2017-06-14 balance Liabilities:US:Chase:Slate    -1884.47 USD

2017-06-14 * "Metro Transport Authority" "Tram tickets"
  Liabilities:US:Chase:Slate                      -120.00 USD
  Expenses:Transport:Tram                          120.00 USD

2017-06-15 * "Corner Deli" "Buying groceries"
  Liabilities:US:Chase:Slate                      -120.27 USD
  Expenses:Food:Groceries                          120.27 USD

2017-06-17 * "Jewel of Morroco" "Eating out with Julie"
  Liabilities:US:Chase:Slate                       -26.54 USD
  Expenses:Food:Restaurant                          26.54 USD

2017-06-21 * "Kin Soy" "Eating out "
  Liabilities:US:Chase:Slate                       -38.91 USD
  Expenses:Food:Restaurant                          38.91 USD

2017-06-26 * "Chichipotle" "Eating out with Bill"
  Liabilities:US:Chase:Slate                       -54.55 USD
  Expenses:Food:Restaurant                          54.55 USD

2017-06-30 * "Cafe Modagor" "Eating out "
  Liabilities:US:Chase:Slate                       -43.05 USD
  Expenses:Food:Restaurant                          43.05 USD

2017-07-01 * "Corner Deli" "Buying groceries"
  Liabilities:US:Chase:Slate                      -123.77 USD
  Expenses:Food:Groceries                          123.77 USD

2017-07-03 * "Rose Flower" "Eating out alone"
  Liabilities:US:Chase:Slate                       -41.35 USD
  Expenses:Food:Restaurant                          41.35 USD

2017-07-08 * "China Garden" "Eating out after work"
  Liabilities:US:Chase:Slate                       -52.48 USD
  Expenses:Food:Restaurant                          52.48 USD

2017-07-09 balance Liabilities:US:Chase:Slate    -2505.39 USD

2017-07-09 * "Jewel of Morroco" "Eating out with work buddies"
  Liabilities:US:Chase:Slate                       -37.80 USD
  Expenses:Food:Restaurant                          37.80 USD

2017-07-11 * "Chase:Slate" "Paying off credit card"
  Liabilities:US:Chase:Slate                       687.03 USD
  Assets:US:BofA:Checking                         -687.03 USD

2017-07-12 * "Cafe Modagor" "Eating out with Natasha"
  Liabilities:US:Chase:Slate                       -28.31 USD
  Expenses:Food:Restaurant                          28.31 USD

2017-07-14 * "Cafe Modagor" "Eating out alone"
  Liabilities:US:Chase:Slate                       -13.54 USD
  Expenses:Food:Restaurant                          13.54 USD

2017-07-14 * "Farmer Fresh" "Buying groceries"
  Liabilities:US:Chase:Slate                       -96.11 USD
  Expenses:Food:Groceries                           96.11 USD

2017-07-17 * "Metro Transport Authority" "Tram tickets"
  Liabilities:US:Chase:Slate                      -120.00 USD
  Expenses:Transport:Tram                          120.00 USD

2017-07-19 * "China Garden" "Eating out with Joe"
  Liabilities:US:Chase:Slate                       -18.54 USD
  Expenses:Food:Restaurant                          18.54 USD

2017-07-24 * "Cafe Modagor" "Eating out with Natasha"
  Liabilities:US:Chase:Slate                       -39.01 USD
  Expenses:Food:Restaurant                          39.01 USD

2017-07-25 * "China Garden" "Eating out with Julie"
  Liabilities:US:Chase:Slate                       -53.38 USD
  Expenses:Food:Restaurant                          53.38 USD

2017-07-29 * "Chichipotle" "Eating out with Bill"
  Liabilities:US:Chase:Slate                       -20.83 USD
  Expenses:Food:Restaurant                          20.83 USD

2017-07-30 * "Onion Market" "Buying groceries"
  Liabilities:US:Chase:Slate                       -70.59 USD
  Expenses:Food:Groceries                           70.59 USD

2017-07-31 balance Liabilities:US:Chase:Slate    -2316.47 USD

2017-08-02 * "Kin Soy" "Eating out with Natasha"
  Liabilities:US:Chase:Slate                       -32.13 USD
  Expenses:Food:Restaurant                          32.13 USD

2017-08-06 * "Rose Flower" "Eating out with Joe"
  Liabilities:US:Chase:Slate                       -41.43 USD
  Expenses:Food:Restaurant                          41.43 USD

2017-08-10 * "Chichipotle" "Eating out with Joe"
  Liabilities:US:Chase:Slate                       -37.95 USD
  Expenses:Food:Restaurant                          37.95 USD

2017-08-10 * "Chase:Slate" "Paying off credit card"
  Liabilities:US:Chase:Slate                       543.51 USD
  Assets:US:BofA:Checking                         -543.51 USD

2017-08-11 * "Chichipotle" "Eating out with work buddies"
  Liabilities:US:Chase:Slate                       -40.04 USD
  Expenses:Food:Restaurant                          40.04 USD

2017-08-13 * "Uncle Boons" "Eating out alone"
  Liabilities:US:Chase:Slate                       -28.34 USD
  Expenses:Food:Restaurant                          28.34 USD

2017-08-16 * "Jewel of Morroco" "Eating out with work buddies"
  Liabilities:US:Chase:Slate                       -87.42 USD
  Expenses:Food:Restaurant                          87.42 USD

2017-08-17 * "Uncle Boons" "Eating out with Julie"
  Liabilities:US:Chase:Slate                       -32.63 USD
  Expenses:Food:Restaurant                          32.63 USD

2017-08-18 * "Metro Transport Authority" "Tram tickets"
  Liabilities:US:Chase:Slate                      -120.00 USD
  Expenses:Transport:Tram                          120.00 USD

2017-08-19 * "Farmer Fresh" "Buying groceries"
  Liabilities:US:Chase:Slate                       -73.62 USD
  Expenses:Food:Groceries                           73.62 USD

2017-08-20 * "Goba Goba" "Eating out after work"
  Liabilities:US:Chase:Slate                       -20.96 USD
  Expenses:Food:Restaurant                          20.96 USD

2017-08-23 * "Uncle Boons" "Eating out with Julie"
  Liabilities:US:Chase:Slate                       -18.98 USD
  Expenses:Food:Restaurant                          18.98 USD

2017-08-26 * "Uncle Boons" "Eating out alone"
  Liabilities:US:Chase:Slate                       -72.77 USD
  Expenses:Food:Restaurant                          72.77 USD

2017-08-28 * "China Garden" "Eating out with Joe"
  Liabilities:US:Chase:Slate                       -58.39 USD
  Expenses:Food:Restaurant                          58.39 USD

2017-08-29 balance Liabilities:US:Chase:Slate    -2437.62 USD

2017-08-30 * "Good Moods Market" "Buying groceries"
  Liabilities:US:Chase:Slate                       -73.96 USD
  Expenses:Food:Groceries                           73.96 USD

2017-09-01 * "Jewel of Morroco" "Eating out alone"
  Liabilities:US:Chase:Slate                       -37.51 USD
  Expenses:Food:Restaurant                          37.51 USD

2017-09-04 * "Uncle Boons" "Eating out with Bill"
  Liabilities:US:Chase:Slate                       -34.18 USD
  Expenses:Food:Restaurant                          34.18 USD

2017-09-06 * "Farmer Fresh" "Buying groceries"
  Liabilities:US:Chase:Slate                       -86.31 USD
  Expenses:Food:Groceries                           86.31 USD

2017-09-08 * "Cafe Modagor" "Eating out with Julie"
  Liabilities:US:Chase:Slate                       -33.71 USD
  Expenses:Food:Restaurant                          33.71 USD



* Taxable Investments

2015-01-01 open Assets:US:ETrade:Cash                       USD
2015-01-01 open Assets:US:ETrade:ITOT                       ITOT
2015-01-01 open Assets:US:ETrade:VEA                       VEA
2015-01-01 open Assets:US:ETrade:VHT                       VHT
2015-01-01 open Assets:US:ETrade:GLD                       GLD
2015-01-01 open Income:US:ETrade:Gains                      USD
2015-01-01 open Income:US:ETrade:Dividends                  USD

2015-09-15 * "Buy shares of VEA"
  Assets:US:ETrade:Cash                          -1072.39 USD
  Assets:US:ETrade:VEA                                  8 VEA {132.93 USD, 2015-09-15}
  Expenses:Financial:Commissions                     8.95 USD

2015-09-15 * "Buy shares of ITOT"
  Assets:US:ETrade:Cash                          -1068.43 USD
  Assets:US:ETrade:ITOT                                18 ITOT {58.86 USD, 2015-09-15}
  Expenses:Financial:Commissions                     8.95 USD

2015-09-15 * "Buy shares of VHT"
  Assets:US:ETrade:Cash                          -1034.14 USD
  Assets:US:ETrade:VHT                                  9 VHT {113.91 USD, 2015-09-15}
  Expenses:Financial:Commissions                     8.95 USD

2015-09-15 * "Buy shares of GLD"
  Assets:US:ETrade:Cash                           -994.25 USD
  Assets:US:ETrade:GLD                                  5 GLD {197.06 USD, 2015-09-15}
  Expenses:Financial:Commissions                     8.95 USD

2015-09-18 * "Dividends on portfolio"
  Assets:US:ETrade:Cash                             16.53 USD
  Income:US:ETrade:Dividends                       -16.53 USD

2015-11-13 * "Buy shares of VHT"
  Assets:US:ETrade:Cash                          -2028.73 USD
  Assets:US:ETrade:VHT                                 18 VHT {112.21 USD, 2015-11-13}
  Expenses:Financial:Commissions                     8.95 USD

2015-11-13 * "Buy shares of GLD"
  Assets:US:ETrade:Cash                          -2098.95 USD
  Assets:US:ETrade:GLD                                 10 GLD {209.00 USD, 2015-11-13}
  Expenses:Financial:Commissions                     8.95 USD

2015-11-18 * "Sell shares of GLD"
  Assets:US:ETrade:GLD                                 -5 GLD {197.06 USD, 2015-09-15} @ 209.00 USD
  Assets:US:ETrade:Cash                           1036.05 USD
  Expenses:Financial:Commissions                     8.95 USD
  Income:US:ETrade:Gains                           -59.70 USD

2015-12-17 * "Dividends on portfolio"
  Assets:US:ETrade:Cash                             32.97 USD
  Income:US:ETrade:Dividends                       -32.97 USD

2015-12-30 * "Buy shares of VEA"
  Assets:US:ETrade:Cash                          -1104.63 USD
  Assets:US:ETrade:VEA                                  8 VEA {136.96 USD, 2015-12-30}
  Expenses:Financial:Commissions                     8.95 USD

2016-03-17 * "Dividends on portfolio"
  Assets:US:ETrade:Cash                             37.36 USD
  Income:US:ETrade:Dividends                       -37.36 USD

2016-04-29 * "Sell shares of VHT"
  Assets:US:ETrade:VHT                                -18 VHT {112.21 USD, 2015-11-13} @ 118.03 USD
  Assets:US:ETrade:Cash                           2115.59 USD
  Expenses:Financial:Commissions                     8.95 USD
  Income:US:ETrade:Gains                          -104.76 USD

2016-05-05 * "Buy shares of VEA"
  Assets:US:ETrade:Cash                           -412.84 USD
  Assets:US:ETrade:VEA                                  3 VEA {134.63 USD, 2016-05-05}
  Expenses:Financial:Commissions                     8.95 USD

2016-05-05 * "Buy shares of ITOT"
  Assets:US:ETrade:Cash                           -506.55 USD
  Assets:US:ETrade:ITOT                                 8 ITOT {62.20 USD, 2016-05-05}
  Expenses:Financial:Commissions                     8.95 USD

2016-05-05 * "Buy shares of GLD"
  Assets:US:ETrade:Cash                           -420.51 USD
  Assets:US:ETrade:GLD                                  2 GLD {205.78 USD, 2016-05-05}
  Expenses:Financial:Commissions                     8.95 USD

2016-05-05 * "Buy shares of VHT"
  Assets:US:ETrade:Cash                           -481.07 USD
  Assets:US:ETrade:VHT                                  4 VHT {118.03 USD, 2016-05-05}
  Expenses:Financial:Commissions                     8.95 USD

2016-06-17 * "Dividends on portfolio"
  Assets:US:ETrade:Cash                             44.50 USD
  Income:US:ETrade:Dividends                       -44.50 USD

2016-07-25 * "Sell shares of VHT"
  Assets:US:ETrade:VHT                                 -4 VHT {118.03 USD, 2016-05-05} @ 118.19 USD
  Assets:US:ETrade:Cash                            463.81 USD
  Expenses:Financial:Commissions                     8.95 USD
  Income:US:ETrade:Gains                            -0.64 USD

2016-08-13 * "Buy shares of VHT"
  Assets:US:ETrade:Cash                          -2405.95 USD
  Assets:US:ETrade:VHT                                 20 VHT {119.85 USD, 2016-08-13}
  Expenses:Financial:Commissions                     8.95 USD

2016-08-13 * "Buy shares of VEA"
  Assets:US:ETrade:Cash                          -2405.44 USD
  Assets:US:ETrade:VEA                                 17 VEA {140.97 USD, 2016-08-13}
  Expenses:Financial:Commissions                     8.95 USD

2016-09-17 * "Dividends on portfolio"
  Assets:US:ETrade:Cash                             63.67 USD
  Income:US:ETrade:Dividends                       -63.67 USD

2016-09-23 * "Buy shares of ITOT"
  Assets:US:ETrade:Cash                          -1252.88 USD
  Assets:US:ETrade:ITOT                                19 ITOT {65.47 USD, 2016-09-23}
  Expenses:Financial:Commissions                     8.95 USD

2016-09-23 * "Buy shares of GLD"
  Assets:US:ETrade:Cash                          -1165.85 USD
  Assets:US:ETrade:GLD                                  5 GLD {231.38 USD, 2016-09-23}
  Expenses:Financial:Commissions                     8.95 USD

2016-09-23 * "Buy shares of VHT"
  Assets:US:ETrade:Cash                          -1200.65 USD
  Assets:US:ETrade:VHT                                 10 VHT {119.17 USD, 2016-09-23}
  Expenses:Financial:Commissions                     8.95 USD

2016-11-23 * "Buy shares of ITOT"
  Assets:US:ETrade:Cash                          -3362.45 USD
  Assets:US:ETrade:ITOT                                50 ITOT {67.07 USD, 2016-11-23}
  Expenses:Financial:Commissions                     8.95 USD

2016-12-17 * "Dividends on portfolio"
  Assets:US:ETrade:Cash                             91.45 USD
  Income:US:ETrade:Dividends                       -91.45 USD

2017-02-15 * "Sell shares of GLD"
  Assets:US:ETrade:GLD                                -10 GLD {209.00 USD, 2015-11-13} @ 273.28 USD
  Assets:US:ETrade:Cash                           2723.85 USD
  Expenses:Financial:Commissions                     8.95 USD
  Income:US:ETrade:Gains                          -642.80 USD

2017-03-18 * "Dividends on portfolio"
  Assets:US:ETrade:Cash                             91.45 USD
  Income:US:ETrade:Dividends                       -91.45 USD

2017-03-19 * "Buy shares of VEA"
  Assets:US:ETrade:Cash                           -603.31 USD
  Assets:US:ETrade:VEA                                  4 VEA {148.59 USD, 2017-03-19}
  Expenses:Financial:Commissions                     8.95 USD

2017-03-19 * "Buy shares of ITOT"
  Assets:US:ETrade:Cash                           -683.32 USD
  Assets:US:ETrade:ITOT                                 9 ITOT {74.93 USD, 2017-03-19}
  Expenses:Financial:Commissions                     8.95 USD

2017-03-19 * "Buy shares of VHT"
  Assets:US:ETrade:Cash                           -702.25 USD
  Assets:US:ETrade:VHT                                  6 VHT {115.55 USD, 2017-03-19}
  Expenses:Financial:Commissions                     8.95 USD

2017-03-19 * "Buy shares of GLD"
  Assets:US:ETrade:Cash                           -566.93 USD
  Assets:US:ETrade:GLD                                  2 GLD {278.99 USD, 2017-03-19}
  Expenses:Financial:Commissions                     8.95 USD

2017-06-18 * "Dividends on portfolio"
  Assets:US:ETrade:Cash                            101.53 USD
  Income:US:ETrade:Dividends                      -101.53 USD

2017-08-22 * "Sell shares of VEA"
  Assets:US:ETrade:VEA                                 -4 VEA {148.59 USD, 2017-03-19} @ 145.72 USD
  Assets:US:ETrade:Cash                            573.93 USD
  Expenses:Financial:Commissions                     8.95 USD
  Income:US:ETrade:Gains                            11.48 USD

2017-08-27 * "Buy shares of GLD"
  Assets:US:ETrade:Cash                          -2442.31 USD
  Assets:US:ETrade:GLD                                  8 GLD {304.17 USD, 2017-08-27}
  Expenses:Financial:Commissions                     8.95 USD

2017-08-27 * "Buy shares of VHT"
  Assets:US:ETrade:Cash                          -2523.03 USD
  Assets:US:ETrade:VHT                                 19 VHT {132.32 USD, 2017-08-27}
  Expenses:Financial:Commissions                     8.95 USD



* Vanguard Investments

2015-01-01 open Assets:US:Vanguard:VBMPX                     VBMPX
  number: "882882"
2015-01-01 open Assets:US:Vanguard:RGAGX                     RGAGX
  number: "882882"
2015-01-01 open Assets:US:Vanguard                            USD
  address: "P.O. Box 1110, Valley Forge, PA 19482-1110"
  institution: "Vanguard Group"
  phone: "+1.800.523.1188"
2015-01-01 open Income:US:Hoogle:Match401k                   USD
2015-01-01 open Assets:US:Vanguard:Cash                       USD
  number: "882882"

2015-01-02 * "Employer match for contribution"
  Assets:US:Vanguard:Cash                          600.00 USD
  Income:US:Hoogle:Match401k                      -600.00 USD

2015-01-05 * "Investing 40% of cash in VBMPX"
  Assets:US:Vanguard:VBMPX                          3.513 VBMPX {136.65 USD, 2015-01-05}
  Assets:US:Vanguard:Cash                         -480.05 USD

2015-01-05 * "Investing 60% of cash in RGAGX"
  Assets:US:Vanguard:RGAGX                          8.175 RGAGX {88.07 USD, 2015-01-05}
  Assets:US:Vanguard:Cash                         -719.97 USD

2015-01-05 * "Investing 40% of cash in VBMPX"
  Assets:US:Vanguard:VBMPX                          1.756 VBMPX {136.65 USD, 2015-01-05}
  Assets:US:Vanguard:Cash                         -239.96 USD

2015-01-05 * "Investing 60% of cash in RGAGX"
  Assets:US:Vanguard:RGAGX                          4.088 RGAGX {88.07 USD, 2015-01-05}
  Assets:US:Vanguard:Cash                         -360.03 USD

2015-01-16 * "Employer match for contribution"
  Assets:US:Vanguard:Cash                          600.00 USD
  Income:US:Hoogle:Match401k                      -600.00 USD

2015-01-19 * "Investing 40% of cash in VBMPX"
  Assets:US:Vanguard:VBMPX                          3.469 VBMPX {138.35 USD, 2015-01-19}
  Assets:US:Vanguard:Cash                         -479.94 USD

2015-01-19 * "Investing 60% of cash in RGAGX"
  Assets:US:Vanguard:RGAGX                          8.102 RGAGX {88.87 USD, 2015-01-19}
  Assets:US:Vanguard:Cash                         -720.02 USD

2015-01-19 * "Investing 40% of cash in VBMPX"
  Assets:US:Vanguard:VBMPX                          1.735 VBMPX {138.35 USD, 2015-01-19}
  Assets:US:Vanguard:Cash                         -240.04 USD

2015-01-19 * "Investing 60% of cash in RGAGX"
  Assets:US:Vanguard:RGAGX                          4.051 RGAGX {88.87 USD, 2015-01-19}
  Assets:US:Vanguard:Cash                         -360.01 USD

2015-01-30 * "Employer match for contribution"
  Assets:US:Vanguard:Cash                          600.00 USD
  Income:US:Hoogle:Match401k                      -600.00 USD

2015-02-02 * "Investing 40% of cash in VBMPX"
  Assets:US:Vanguard:VBMPX                          3.430 VBMPX {139.94 USD, 2015-02-02}
  Assets:US:Vanguard:Cash                         -479.99 USD

2015-02-02 * "Investing 60% of cash in RGAGX"
  Assets:US:Vanguard:RGAGX                          8.196 RGAGX {87.85 USD, 2015-02-02}
  Assets:US:Vanguard:Cash                         -720.02 USD

2015-02-02 * "Investing 40% of cash in VBMPX"
  Assets:US:Vanguard:VBMPX                          1.715 VBMPX {139.94 USD, 2015-02-02}
  Assets:US:Vanguard:Cash                         -240.00 USD

2015-02-02 * "Investing 60% of cash in RGAGX"
  Assets:US:Vanguard:RGAGX                          4.098 RGAGX {87.85 USD, 2015-02-02}
  Assets:US:Vanguard:Cash                         -360.01 USD

2015-02-13 * "Employer match for contribution"
  Assets:US:Vanguard:Cash                          600.00 USD
  Income:US:Hoogle:Match401k                      -600.00 USD

2015-02-16 * "Investing 40% of cash in VBMPX"
  Assets:US:Vanguard:VBMPX                          3.420 VBMPX {140.34 USD, 2015-02-16}
  Assets:US:Vanguard:Cash                         -479.96 USD

2015-02-16 * "Investing 60% of cash in RGAGX"
  Assets:US:Vanguard:RGAGX                          8.161 RGAGX {88.22 USD, 2015-02-16}
  Assets:US:Vanguard:Cash                         -719.96 USD

2015-02-16 * "Investing 40% of cash in VBMPX"
  Assets:US:Vanguard:VBMPX                          1.710 VBMPX {140.34 USD, 2015-02-16}
  Assets:US:Vanguard:Cash                         -239.98 USD

2015-02-16 * "Investing 60% of cash in RGAGX"
  Assets:US:Vanguard:RGAGX                          4.081 RGAGX {88.22 USD, 2015-02-16}
  Assets:US:Vanguard:Cash                         -360.03 USD

2015-02-27 * "Employer match for contribution"
  Assets:US:Vanguard:Cash                          600.00 USD
  Income:US:Hoogle:Match401k                      -600.00 USD

2015-03-02 * "Investing 40% of cash in VBMPX"
  Assets:US:Vanguard:VBMPX                          3.411 VBMPX {140.74 USD, 2015-03-02}
  Assets:US:Vanguard:Cash                         -480.06 USD

2015-03-02 * "Investing 60% of cash in RGAGX"
  Assets:US:Vanguard:RGAGX                          8.312 RGAGX {86.62 USD, 2015-03-02}
  Assets:US:Vanguard:Cash                         -719.99 USD

2015-03-02 * "Investing 40% of cash in VBMPX"
  Assets:US:Vanguard:VBMPX                          1.705 VBMPX {140.74 USD, 2015-03-02}
  Assets:US:Vanguard:Cash                         -239.96 USD

2015-03-02 * "Investing 60% of cash in RGAGX"
  Assets:US:Vanguard:RGAGX                          4.156 RGAGX {86.62 USD, 2015-03-02}
  Assets:US:Vanguard:Cash                         -359.99 USD

2015-03-13 * "Employer match for contribution"
  Assets:US:Vanguard:Cash                          600.00 USD
  Income:US:Hoogle:Match401k                      -600.00 USD

2015-03-16 * "Investing 40% of cash in VBMPX"
  Assets:US:Vanguard:VBMPX                          3.376 VBMPX {142.20 USD, 2015-03-16}
  Assets:US:Vanguard:Cash                         -480.07 USD

2015-03-16 * "Investing 60% of cash in RGAGX"
  Assets:US:Vanguard:RGAGX                          8.358 RGAGX {86.15 USD, 2015-03-16}
  Assets:US:Vanguard:Cash                         -720.04 USD

2015-03-16 * "Investing 40% of cash in VBMPX"
  Assets:US:Vanguard:VBMPX                          1.688 VBMPX {142.20 USD, 2015-03-16}
  Assets:US:Vanguard:Cash                         -240.03 USD

2015-03-16 * "Investing 60% of cash in RGAGX"
  Assets:US:Vanguard:RGAGX                          4.178 RGAGX {86.15 USD, 2015-03-16}
  Assets:US:Vanguard:Cash                         -359.93 USD

2015-03-27 * "Employer match for contribution"
  Assets:US:Vanguard:Cash                          600.00 USD
  Income:US:Hoogle:Match401k                      -600.00 USD

2015-03-30 * "Investing 40% of cash in VBMPX"
  Assets:US:Vanguard:VBMPX                          3.393 VBMPX {141.48 USD, 2015-03-30}
  Assets:US:Vanguard:Cash                         -480.04 USD

2015-03-30 * "Investing 60% of cash in RGAGX"
  Assets:US:Vanguard:RGAGX                          8.507 RGAGX {84.63 USD, 2015-03-30}
  Assets:US:Vanguard:Cash                         -719.95 USD

2015-03-30 * "Investing 40% of cash in VBMPX"
  Assets:US:Vanguard:VBMPX                          1.696 VBMPX {141.48 USD, 2015-03-30}
  Assets:US:Vanguard:Cash                         -239.95 USD

2015-03-30 * "Investing 60% of cash in RGAGX"
  Assets:US:Vanguard:RGAGX                          4.254 RGAGX {84.63 USD, 2015-03-30}
  Assets:US:Vanguard:Cash                         -360.02 USD

2015-04-10 * "Employer match for contribution"
  Assets:US:Vanguard:Cash                          600.00 USD
  Income:US:Hoogle:Match401k                      -600.00 USD

2015-04-13 * "Investing 40% of cash in VBMPX"
  Assets:US:Vanguard:VBMPX                          3.343 VBMPX {143.57 USD, 2015-04-13}
  Assets:US:Vanguard:Cash                         -479.95 USD

2015-04-13 * "Investing 60% of cash in RGAGX"
  Assets:US:Vanguard:RGAGX                          8.605 RGAGX {83.67 USD, 2015-04-13}
  Assets:US:Vanguard:Cash                         -719.98 USD

2015-04-13 * "Investing 40% of cash in VBMPX"
  Assets:US:Vanguard:VBMPX                          1.672 VBMPX {143.57 USD, 2015-04-13}
  Assets:US:Vanguard:Cash                         -240.05 USD

2015-04-13 * "Investing 60% of cash in RGAGX"
  Assets:US:Vanguard:RGAGX                          4.303 RGAGX {83.67 USD, 2015-04-13}
  Assets:US:Vanguard:Cash                         -360.03 USD

2015-04-24 * "Employer match for contribution"
  Assets:US:Vanguard:Cash                          600.00 USD
  Income:US:Hoogle:Match401k                      -600.00 USD

2015-04-27 * "Investing 40% of cash in VBMPX"
  Assets:US:Vanguard:VBMPX                          3.310 VBMPX {145.00 USD, 2015-04-27}
  Assets:US:Vanguard:Cash                         -479.95 USD

2015-04-27 * "Investing 60% of cash in RGAGX"
  Assets:US:Vanguard:RGAGX                          8.753 RGAGX {82.26 USD, 2015-04-27}
  Assets:US:Vanguard:Cash                         -720.02 USD

2015-04-27 * "Investing 40% of cash in VBMPX"
  Assets:US:Vanguard:VBMPX                          1.655 VBMPX {145.00 USD, 2015-04-27}
  Assets:US:Vanguard:Cash                         -239.98 USD

2015-04-27 * "Investing 60% of cash in RGAGX"
  Assets:US:Vanguard:RGAGX                          4.377 RGAGX {82.26 USD, 2015-04-27}
  Assets:US:Vanguard:Cash                         -360.05 USD

2015-05-08 * "Employer match for contribution"
  Assets:US:Vanguard:Cash                          600.00 USD
  Income:US:Hoogle:Match401k                      -600.00 USD

2015-05-11 * "Investing 40% of cash in VBMPX"
  Assets:US:Vanguard:VBMPX                          3.251 VBMPX {147.63 USD, 2015-05-11}
  Assets:US:Vanguard:Cash                         -479.95 USD

2015-05-11 * "Investing 60% of cash in RGAGX"
  Assets:US:Vanguard:RGAGX                          9.095 RGAGX {79.16 USD, 2015-05-11}
  Assets:US:Vanguard:Cash                         -719.96 USD

2015-05-11 * "Investing 40% of cash in VBMPX"
  Assets:US:Vanguard:VBMPX                          1.626 VBMPX {147.63 USD, 2015-05-11}
  Assets:US:Vanguard:Cash                         -240.05 USD

2015-05-11 * "Investing 60% of cash in RGAGX"
  Assets:US:Vanguard:RGAGX                          4.548 RGAGX {79.16 USD, 2015-05-11}
  Assets:US:Vanguard:Cash                         -360.02 USD

2015-05-22 * "Employer match for contribution"
  Assets:US:Vanguard:Cash                          600.00 USD
  Income:US:Hoogle:Match401k                      -600.00 USD

2015-05-25 * "Investing 40% of cash in VBMPX"
  Assets:US:Vanguard:VBMPX                          3.231 VBMPX {148.55 USD, 2015-05-25}
  Assets:US:Vanguard:Cash                         -479.97 USD

2015-05-25 * "Investing 60% of cash in RGAGX"
  Assets:US:Vanguard:RGAGX                          9.341 RGAGX {77.08 USD, 2015-05-25}
  Assets:US:Vanguard:Cash                         -720.00 USD

2015-05-25 * "Investing 40% of cash in VBMPX"
  Assets:US:Vanguard:VBMPX                          1.616 VBMPX {148.55 USD, 2015-05-25}
  Assets:US:Vanguard:Cash                         -240.06 USD

2015-05-25 * "Investing 60% of cash in RGAGX"
  Assets:US:Vanguard:RGAGX                          4.671 RGAGX {77.08 USD, 2015-05-25}
  Assets:US:Vanguard:Cash                         -360.04 USD

2015-06-05 * "Employer match for contribution"
  Assets:US:Vanguard:Cash                          600.00 USD
  Income:US:Hoogle:Match401k                      -600.00 USD

2015-06-08 * "Investing 40% of cash in VBMPX"
  Assets:US:Vanguard:VBMPX                          3.223 VBMPX {148.91 USD, 2015-06-08}
  Assets:US:Vanguard:Cash                         -479.94 USD

2015-06-08 * "Investing 60% of cash in RGAGX"
  Assets:US:Vanguard:RGAGX                          9.422 RGAGX {76.41 USD, 2015-06-08}
  Assets:US:Vanguard:Cash                         -719.94 USD

2015-06-08 * "Investing 40% of cash in VBMPX"
  Assets:US:Vanguard:VBMPX                          1.612 VBMPX {148.91 USD, 2015-06-08}
  Assets:US:Vanguard:Cash                         -240.04 USD

2015-06-08 * "Investing 60% of cash in RGAGX"
  Assets:US:Vanguard:RGAGX                          4.712 RGAGX {76.41 USD, 2015-06-08}
  Assets:US:Vanguard:Cash                         -360.04 USD

2015-06-19 * "Employer match for contribution"
  Assets:US:Vanguard:Cash                          600.00 USD
  Income:US:Hoogle:Match401k                      -600.00 USD

2015-06-22 * "Investing 40% of cash in VBMPX"
  Assets:US:Vanguard:VBMPX                          3.200 VBMPX {150.01 USD, 2015-06-22}
  Assets:US:Vanguard:Cash                         -480.03 USD

2015-06-22 * "Investing 60% of cash in RGAGX"
  Assets:US:Vanguard:RGAGX                          9.442 RGAGX {76.25 USD, 2015-06-22}
  Assets:US:Vanguard:Cash                         -719.95 USD

2015-06-22 * "Investing 40% of cash in VBMPX"
  Assets:US:Vanguard:VBMPX                          1.600 VBMPX {150.01 USD, 2015-06-22}
  Assets:US:Vanguard:Cash                         -240.02 USD

2015-06-22 * "Investing 60% of cash in RGAGX"
  Assets:US:Vanguard:RGAGX                          4.721 RGAGX {76.25 USD, 2015-06-22}
  Assets:US:Vanguard:Cash                         -359.98 USD

2015-07-03 * "Employer match for contribution"
  Assets:US:Vanguard:Cash                          600.00 USD
  Income:US:Hoogle:Match401k                      -600.00 USD

2015-07-06 * "Investing 40% of cash in VBMPX"
  Assets:US:Vanguard:VBMPX                          3.226 VBMPX {148.80 USD, 2015-07-06}
  Assets:US:Vanguard:Cash                         -480.03 USD

2015-07-06 * "Investing 60% of cash in RGAGX"
  Assets:US:Vanguard:RGAGX                          9.384 RGAGX {76.73 USD, 2015-07-06}
  Assets:US:Vanguard:Cash                         -720.03 USD

2015-07-06 * "Investing 40% of cash in VBMPX"
  Assets:US:Vanguard:VBMPX                          1.613 VBMPX {148.80 USD, 2015-07-06}
  Assets:US:Vanguard:Cash                         -240.01 USD

2015-07-06 * "Investing 60% of cash in RGAGX"
  Assets:US:Vanguard:RGAGX                          4.691 RGAGX {76.73 USD, 2015-07-06}
  Assets:US:Vanguard:Cash                         -359.94 USD

2015-07-17 * "Employer match for contribution"
  Assets:US:Vanguard:Cash                          600.00 USD
  Income:US:Hoogle:Match401k                      -600.00 USD

2015-07-20 * "Investing 40% of cash in VBMPX"
  Assets:US:Vanguard:VBMPX                          3.174 VBMPX {151.23 USD, 2015-07-20}
  Assets:US:Vanguard:Cash                         -480.00 USD

2015-07-20 * "Investing 60% of cash in RGAGX"
  Assets:US:Vanguard:RGAGX                          9.359 RGAGX {76.93 USD, 2015-07-20}
  Assets:US:Vanguard:Cash                         -719.99 USD

2015-07-20 * "Investing 40% of cash in VBMPX"
  Assets:US:Vanguard:VBMPX                          1.587 VBMPX {151.23 USD, 2015-07-20}
  Assets:US:Vanguard:Cash                         -240.00 USD

2015-07-20 * "Investing 60% of cash in RGAGX"
  Assets:US:Vanguard:RGAGX                          4.680 RGAGX {76.93 USD, 2015-07-20}
  Assets:US:Vanguard:Cash                         -360.03 USD

2016-01-15 * "Employer match for contribution"
  Assets:US:Vanguard:Cash                          600.00 USD
  Income:US:Hoogle:Match401k                      -600.00 USD

2016-01-18 * "Investing 40% of cash in VBMPX"
  Assets:US:Vanguard:VBMPX                          2.886 VBMPX {166.33 USD, 2016-01-18}
  Assets:US:Vanguard:Cash                         -480.03 USD

2016-01-18 * "Investing 60% of cash in RGAGX"
  Assets:US:Vanguard:RGAGX                          9.056 RGAGX {79.50 USD, 2016-01-18}
  Assets:US:Vanguard:Cash                         -719.95 USD

2016-01-18 * "Investing 40% of cash in VBMPX"
  Assets:US:Vanguard:VBMPX                          1.443 VBMPX {166.33 USD, 2016-01-18}
  Assets:US:Vanguard:Cash                         -240.01 USD

2016-01-18 * "Investing 60% of cash in RGAGX"
  Assets:US:Vanguard:RGAGX                          4.528 RGAGX {79.50 USD, 2016-01-18}
  Assets:US:Vanguard:Cash                         -359.98 USD

2016-01-29 * "Employer match for contribution"
  Assets:US:Vanguard:Cash                          600.00 USD
  Income:US:Hoogle:Match401k                      -600.00 USD

2016-02-01 * "Investing 40% of cash in VBMPX"
  Assets:US:Vanguard:VBMPX                          2.842 VBMPX {168.90 USD, 2016-02-01}
  Assets:US:Vanguard:Cash                         -480.01 USD

2016-02-01 * "Investing 60% of cash in RGAGX"
  Assets:US:Vanguard:RGAGX                          9.051 RGAGX {79.55 USD, 2016-02-01}
  Assets:US:Vanguard:Cash                         -720.01 USD

2016-02-01 * "Investing 40% of cash in VBMPX"
  Assets:US:Vanguard:VBMPX                          1.421 VBMPX {168.90 USD, 2016-02-01}
  Assets:US:Vanguard:Cash                         -240.01 USD

2016-02-01 * "Investing 60% of cash in RGAGX"
  Assets:US:Vanguard:RGAGX                          4.525 RGAGX {79.55 USD, 2016-02-01}
  Assets:US:Vanguard:Cash                         -359.96 USD

2016-02-12 * "Employer match for contribution"
  Assets:US:Vanguard:Cash                          600.00 USD
  Income:US:Hoogle:Match401k                      -600.00 USD

2016-02-15 * "Investing 40% of cash in VBMPX"
  Assets:US:Vanguard:VBMPX                          2.841 VBMPX {168.94 USD, 2016-02-15}
  Assets:US:Vanguard:Cash                         -479.96 USD

2016-02-15 * "Investing 60% of cash in RGAGX"
  Assets:US:Vanguard:RGAGX                          9.109 RGAGX {79.04 USD, 2016-02-15}
  Assets:US:Vanguard:Cash                         -719.98 USD

2016-02-15 * "Investing 40% of cash in VBMPX"
  Assets:US:Vanguard:VBMPX                          1.421 VBMPX {168.94 USD, 2016-02-15}
  Assets:US:Vanguard:Cash                         -240.06 USD

2016-02-15 * "Investing 60% of cash in RGAGX"
  Assets:US:Vanguard:RGAGX                          4.555 RGAGX {79.04 USD, 2016-02-15}
  Assets:US:Vanguard:Cash                         -360.03 USD

2016-02-26 * "Employer match for contribution"
  Assets:US:Vanguard:Cash                          600.00 USD
  Income:US:Hoogle:Match401k                      -600.00 USD

2016-02-29 * "Investing 40% of cash in VBMPX"
  Assets:US:Vanguard:VBMPX                          2.832 VBMPX {169.50 USD, 2016-02-29}
  Assets:US:Vanguard:Cash                         -480.02 USD

2016-02-29 * "Investing 60% of cash in RGAGX"
  Assets:US:Vanguard:RGAGX                          9.179 RGAGX {78.44 USD, 2016-02-29}
  Assets:US:Vanguard:Cash                         -720.00 USD

2016-02-29 * "Investing 40% of cash in VBMPX"
  Assets:US:Vanguard:VBMPX                          1.416 VBMPX {169.50 USD, 2016-02-29}
  Assets:US:Vanguard:Cash                         -240.01 USD

2016-02-29 * "Investing 60% of cash in RGAGX"
  Assets:US:Vanguard:RGAGX                          4.589 RGAGX {78.44 USD, 2016-02-29}
  Assets:US:Vanguard:Cash                         -359.96 USD

2016-03-11 * "Employer match for contribution"
  Assets:US:Vanguard:Cash                          600.00 USD
  Income:US:Hoogle:Match401k                      -600.00 USD

2016-03-14 * "Investing 40% of cash in VBMPX"
  Assets:US:Vanguard:VBMPX                          2.784 VBMPX {172.43 USD, 2016-03-14}
  Assets:US:Vanguard:Cash                         -480.05 USD

2016-03-14 * "Investing 60% of cash in RGAGX"
  Assets:US:Vanguard:RGAGX                          9.067 RGAGX {79.41 USD, 2016-03-14}
  Assets:US:Vanguard:Cash                         -720.01 USD

2016-03-14 * "Investing 40% of cash in VBMPX"
  Assets:US:Vanguard:VBMPX                          1.392 VBMPX {172.43 USD, 2016-03-14}
  Assets:US:Vanguard:Cash                         -240.02 USD

2016-03-14 * "Investing 60% of cash in RGAGX"
  Assets:US:Vanguard:RGAGX                          4.533 RGAGX {79.41 USD, 2016-03-14}
  Assets:US:Vanguard:Cash                         -359.97 USD

2016-03-25 * "Employer match for contribution"
  Assets:US:Vanguard:Cash                          600.00 USD
  Income:US:Hoogle:Match401k                      -600.00 USD

2016-03-28 * "Investing 40% of cash in VBMPX"
  Assets:US:Vanguard:VBMPX                          2.769 VBMPX {173.31 USD, 2016-03-28}
  Assets:US:Vanguard:Cash                         -479.90 USD

2016-03-28 * "Investing 60% of cash in RGAGX"
  Assets:US:Vanguard:RGAGX                          8.898 RGAGX {80.91 USD, 2016-03-28}
  Assets:US:Vanguard:Cash                         -719.94 USD

2016-03-28 * "Investing 40% of cash in VBMPX"
  Assets:US:Vanguard:VBMPX                          1.385 VBMPX {173.31 USD, 2016-03-28}
  Assets:US:Vanguard:Cash                         -240.03 USD

2016-03-28 * "Investing 60% of cash in RGAGX"
  Assets:US:Vanguard:RGAGX                          4.450 RGAGX {80.91 USD, 2016-03-28}
  Assets:US:Vanguard:Cash                         -360.05 USD

2016-04-08 * "Employer match for contribution"
  Assets:US:Vanguard:Cash                          600.00 USD
  Income:US:Hoogle:Match401k                      -600.00 USD

2016-04-11 * "Investing 40% of cash in VBMPX"
  Assets:US:Vanguard:VBMPX                          2.760 VBMPX {173.94 USD, 2016-04-11}
  Assets:US:Vanguard:Cash                         -480.07 USD

2016-04-11 * "Investing 60% of cash in RGAGX"
  Assets:US:Vanguard:RGAGX                          8.811 RGAGX {81.72 USD, 2016-04-11}
  Assets:US:Vanguard:Cash                         -720.03 USD

2016-04-11 * "Investing 40% of cash in VBMPX"
  Assets:US:Vanguard:VBMPX                          1.380 VBMPX {173.94 USD, 2016-04-11}
  Assets:US:Vanguard:Cash                         -240.04 USD

2016-04-11 * "Investing 60% of cash in RGAGX"
  Assets:US:Vanguard:RGAGX                          4.405 RGAGX {81.72 USD, 2016-04-11}
  Assets:US:Vanguard:Cash                         -359.98 USD

2016-04-22 * "Employer match for contribution"
  Assets:US:Vanguard:Cash                          600.00 USD
  Income:US:Hoogle:Match401k                      -600.00 USD

2016-04-25 * "Investing 40% of cash in VBMPX"
  Assets:US:Vanguard:VBMPX                          2.693 VBMPX {178.22 USD, 2016-04-25}
  Assets:US:Vanguard:Cash                         -479.95 USD

2016-04-25 * "Investing 60% of cash in RGAGX"
  Assets:US:Vanguard:RGAGX                          8.866 RGAGX {81.20 USD, 2016-04-25}
  Assets:US:Vanguard:Cash                         -719.92 USD

2016-04-25 * "Investing 40% of cash in VBMPX"
  Assets:US:Vanguard:VBMPX                          1.347 VBMPX {178.22 USD, 2016-04-25}
  Assets:US:Vanguard:Cash                         -240.06 USD

2016-04-25 * "Investing 60% of cash in RGAGX"
  Assets:US:Vanguard:RGAGX                          4.434 RGAGX {81.20 USD, 2016-04-25}
  Assets:US:Vanguard:Cash                         -360.04 USD

2016-05-06 * "Employer match for contribution"
  Assets:US:Vanguard:Cash                          600.00 USD
  Income:US:Hoogle:Match401k                      -600.00 USD

2016-05-09 * "Investing 40% of cash in VBMPX"
  Assets:US:Vanguard:VBMPX                          2.717 VBMPX {176.67 USD, 2016-05-09}
  Assets:US:Vanguard:Cash                         -480.01 USD

2016-05-09 * "Investing 60% of cash in RGAGX"
  Assets:US:Vanguard:RGAGX                          8.756 RGAGX {82.22 USD, 2016-05-09}
  Assets:US:Vanguard:Cash                         -719.92 USD

2016-05-09 * "Investing 40% of cash in VBMPX"
  Assets:US:Vanguard:VBMPX                          1.358 VBMPX {176.67 USD, 2016-05-09}
  Assets:US:Vanguard:Cash                         -239.92 USD

2016-05-09 * "Investing 60% of cash in RGAGX"
  Assets:US:Vanguard:RGAGX                          4.378 RGAGX {82.22 USD, 2016-05-09}
  Assets:US:Vanguard:Cash                         -359.96 USD

2016-05-20 * "Employer match for contribution"
  Assets:US:Vanguard:Cash                          600.00 USD
  Income:US:Hoogle:Match401k                      -600.00 USD

2016-05-23 * "Investing 40% of cash in VBMPX"
  Assets:US:Vanguard:VBMPX                          2.710 VBMPX {177.15 USD, 2016-05-23}
  Assets:US:Vanguard:Cash                         -480.08 USD

2016-05-23 * "Investing 60% of cash in RGAGX"
  Assets:US:Vanguard:RGAGX                          8.636 RGAGX {83.38 USD, 2016-05-23}
  Assets:US:Vanguard:Cash                         -720.07 USD

2016-05-23 * "Investing 40% of cash in VBMPX"
  Assets:US:Vanguard:VBMPX                          1.355 VBMPX {177.15 USD, 2016-05-23}
  Assets:US:Vanguard:Cash                         -240.04 USD

2016-05-23 * "Investing 60% of cash in RGAGX"
  Assets:US:Vanguard:RGAGX                          4.317 RGAGX {83.38 USD, 2016-05-23}
  Assets:US:Vanguard:Cash                         -359.95 USD

2016-06-03 * "Employer match for contribution"
  Assets:US:Vanguard:Cash                          600.00 USD
  Income:US:Hoogle:Match401k                      -600.00 USD

2016-06-06 * "Investing 40% of cash in VBMPX"
  Assets:US:Vanguard:VBMPX                          2.686 VBMPX {178.72 USD, 2016-06-06}
  Assets:US:Vanguard:Cash                         -480.04 USD

2016-06-06 * "Investing 60% of cash in RGAGX"
  Assets:US:Vanguard:RGAGX                          8.443 RGAGX {85.28 USD, 2016-06-06}
  Assets:US:Vanguard:Cash                         -720.02 USD

2016-06-06 * "Investing 40% of cash in VBMPX"
  Assets:US:Vanguard:VBMPX                          1.343 VBMPX {178.72 USD, 2016-06-06}
  Assets:US:Vanguard:Cash                         -240.02 USD

2016-06-06 * "Investing 60% of cash in RGAGX"
  Assets:US:Vanguard:RGAGX                          4.221 RGAGX {85.28 USD, 2016-06-06}
  Assets:US:Vanguard:Cash                         -359.97 USD

2016-06-17 * "Employer match for contribution"
  Assets:US:Vanguard:Cash                          600.00 USD
  Income:US:Hoogle:Match401k                      -600.00 USD

2016-06-20 * "Investing 40% of cash in VBMPX"
  Assets:US:Vanguard:VBMPX                          2.660 VBMPX {180.41 USD, 2016-06-20}
  Assets:US:Vanguard:Cash                         -479.89 USD

2016-06-20 * "Investing 60% of cash in RGAGX"
  Assets:US:Vanguard:RGAGX                          8.409 RGAGX {85.62 USD, 2016-06-20}
  Assets:US:Vanguard:Cash                         -719.98 USD

2016-06-20 * "Investing 40% of cash in VBMPX"
  Assets:US:Vanguard:VBMPX                          1.330 VBMPX {180.41 USD, 2016-06-20}
  Assets:US:Vanguard:Cash                         -239.95 USD

2016-06-20 * "Investing 60% of cash in RGAGX"
  Assets:US:Vanguard:RGAGX                          4.205 RGAGX {85.62 USD, 2016-06-20}
  Assets:US:Vanguard:Cash                         -360.03 USD

2016-07-01 * "Employer match for contribution"
  Assets:US:Vanguard:Cash                          600.00 USD
  Income:US:Hoogle:Match401k                      -600.00 USD

2016-07-04 * "Investing 40% of cash in VBMPX"
  Assets:US:Vanguard:VBMPX                          2.654 VBMPX {180.86 USD, 2016-07-04}
  Assets:US:Vanguard:Cash                         -480.00 USD

2016-07-04 * "Investing 60% of cash in RGAGX"
  Assets:US:Vanguard:RGAGX                          8.406 RGAGX {85.66 USD, 2016-07-04}
  Assets:US:Vanguard:Cash                         -720.06 USD

2016-07-04 * "Investing 40% of cash in VBMPX"
  Assets:US:Vanguard:VBMPX                          1.327 VBMPX {180.86 USD, 2016-07-04}
  Assets:US:Vanguard:Cash                         -240.00 USD

2016-07-04 * "Investing 60% of cash in RGAGX"
  Assets:US:Vanguard:RGAGX                          4.203 RGAGX {85.66 USD, 2016-07-04}
  Assets:US:Vanguard:Cash                         -360.03 USD

2016-07-15 * "Employer match for contribution"
  Assets:US:Vanguard:Cash                          600.00 USD
  Income:US:Hoogle:Match401k                      -600.00 USD

2016-07-18 * "Investing 40% of cash in VBMPX"
  Assets:US:Vanguard:VBMPX                          2.656 VBMPX {180.75 USD, 2016-07-18}
  Assets:US:Vanguard:Cash                         -480.07 USD

2016-07-18 * "Investing 60% of cash in RGAGX"
  Assets:US:Vanguard:RGAGX                          8.725 RGAGX {82.52 USD, 2016-07-18}
  Assets:US:Vanguard:Cash                         -719.99 USD

2016-07-18 * "Investing 40% of cash in VBMPX"
  Assets:US:Vanguard:VBMPX                          1.328 VBMPX {180.75 USD, 2016-07-18}
  Assets:US:Vanguard:Cash                         -240.04 USD

2016-07-18 * "Investing 60% of cash in RGAGX"
  Assets:US:Vanguard:RGAGX                          4.362 RGAGX {82.52 USD, 2016-07-18}
  Assets:US:Vanguard:Cash                         -359.95 USD

2016-07-29 * "Employer match for contribution"
  Assets:US:Vanguard:Cash                          600.00 USD
  Income:US:Hoogle:Match401k                      -600.00 USD

2016-08-01 * "Investing 40% of cash in VBMPX"
  Assets:US:Vanguard:VBMPX                          2.627 VBMPX {182.73 USD, 2016-08-01}
  Assets:US:Vanguard:Cash                         -480.03 USD

2016-08-01 * "Investing 60% of cash in RGAGX"
  Assets:US:Vanguard:RGAGX                          8.542 RGAGX {84.29 USD, 2016-08-01}
  Assets:US:Vanguard:Cash                         -720.01 USD

2016-08-01 * "Investing 40% of cash in VBMPX"
  Assets:US:Vanguard:VBMPX                          1.313 VBMPX {182.73 USD, 2016-08-01}
  Assets:US:Vanguard:Cash                         -239.92 USD

2016-08-01 * "Investing 60% of cash in RGAGX"
  Assets:US:Vanguard:RGAGX                          4.270 RGAGX {84.29 USD, 2016-08-01}
  Assets:US:Vanguard:Cash                         -359.92 USD

2017-01-13 * "Employer match for contribution"
  Assets:US:Vanguard:Cash                          600.00 USD
  Income:US:Hoogle:Match401k                      -600.00 USD

2017-01-16 * "Investing 40% of cash in VBMPX"
  Assets:US:Vanguard:VBMPX                          2.672 VBMPX {179.68 USD, 2017-01-16}
  Assets:US:Vanguard:Cash                         -480.10 USD

2017-01-16 * "Investing 60% of cash in RGAGX"
  Assets:US:Vanguard:RGAGX                          8.892 RGAGX {80.98 USD, 2017-01-16}
  Assets:US:Vanguard:Cash                         -720.07 USD

2017-01-16 * "Investing 40% of cash in VBMPX"
  Assets:US:Vanguard:VBMPX                          1.335 VBMPX {179.68 USD, 2017-01-16}
  Assets:US:Vanguard:Cash                         -239.87 USD

2017-01-16 * "Investing 60% of cash in RGAGX"
  Assets:US:Vanguard:RGAGX                          4.445 RGAGX {80.98 USD, 2017-01-16}
  Assets:US:Vanguard:Cash                         -359.96 USD

2017-01-27 * "Employer match for contribution"
  Assets:US:Vanguard:Cash                          600.00 USD
  Income:US:Hoogle:Match401k                      -600.00 USD

2017-01-30 * "Investing 40% of cash in VBMPX"
  Assets:US:Vanguard:VBMPX                          2.643 VBMPX {181.60 USD, 2017-01-30}
  Assets:US:Vanguard:Cash                         -479.97 USD

2017-01-30 * "Investing 60% of cash in RGAGX"
  Assets:US:Vanguard:RGAGX                          8.875 RGAGX {81.13 USD, 2017-01-30}
  Assets:US:Vanguard:Cash                         -720.03 USD

2017-01-30 * "Investing 40% of cash in VBMPX"
  Assets:US:Vanguard:VBMPX                          1.322 VBMPX {181.60 USD, 2017-01-30}
  Assets:US:Vanguard:Cash                         -240.08 USD

2017-01-30 * "Investing 60% of cash in RGAGX"
  Assets:US:Vanguard:RGAGX                          4.438 RGAGX {81.13 USD, 2017-01-30}
  Assets:US:Vanguard:Cash                         -360.05 USD

2017-02-10 * "Employer match for contribution"
  Assets:US:Vanguard:Cash                          600.00 USD
  Income:US:Hoogle:Match401k                      -600.00 USD

2017-02-13 * "Investing 40% of cash in VBMPX"
  Assets:US:Vanguard:VBMPX                          2.626 VBMPX {182.75 USD, 2017-02-13}
  Assets:US:Vanguard:Cash                         -479.90 USD

2017-02-13 * "Investing 60% of cash in RGAGX"
  Assets:US:Vanguard:RGAGX                          8.764 RGAGX {82.15 USD, 2017-02-13}
  Assets:US:Vanguard:Cash                         -719.96 USD

2017-02-13 * "Investing 40% of cash in VBMPX"
  Assets:US:Vanguard:VBMPX                          1.313 VBMPX {182.75 USD, 2017-02-13}
  Assets:US:Vanguard:Cash                         -239.95 USD

2017-02-13 * "Investing 60% of cash in RGAGX"
  Assets:US:Vanguard:RGAGX                          4.383 RGAGX {82.15 USD, 2017-02-13}
  Assets:US:Vanguard:Cash                         -360.06 USD

2017-02-24 * "Employer match for contribution"
  Assets:US:Vanguard:Cash                          600.00 USD
  Income:US:Hoogle:Match401k                      -600.00 USD

2017-02-27 * "Investing 40% of cash in VBMPX"
  Assets:US:Vanguard:VBMPX                          2.585 VBMPX {185.73 USD, 2017-02-27}
  Assets:US:Vanguard:Cash                         -480.11 USD

2017-02-27 * "Investing 60% of cash in RGAGX"
  Assets:US:Vanguard:RGAGX                          8.863 RGAGX {81.24 USD, 2017-02-27}
  Assets:US:Vanguard:Cash                         -720.03 USD

2017-02-27 * "Investing 40% of cash in VBMPX"
  Assets:US:Vanguard:VBMPX                          1.292 VBMPX {185.73 USD, 2017-02-27}
  Assets:US:Vanguard:Cash                         -239.96 USD

2017-02-27 * "Investing 60% of cash in RGAGX"
  Assets:US:Vanguard:RGAGX                          4.431 RGAGX {81.24 USD, 2017-02-27}
  Assets:US:Vanguard:Cash                         -359.97 USD

2017-03-10 * "Employer match for contribution"
  Assets:US:Vanguard:Cash                          600.00 USD
  Income:US:Hoogle:Match401k                      -600.00 USD

2017-03-13 * "Investing 40% of cash in VBMPX"
  Assets:US:Vanguard:VBMPX                          2.547 VBMPX {188.46 USD, 2017-03-13}
  Assets:US:Vanguard:Cash                         -480.01 USD

2017-03-13 * "Investing 60% of cash in RGAGX"
  Assets:US:Vanguard:RGAGX                          8.986 RGAGX {80.12 USD, 2017-03-13}
  Assets:US:Vanguard:Cash                         -719.96 USD

2017-03-13 * "Investing 40% of cash in VBMPX"
  Assets:US:Vanguard:VBMPX                          1.274 VBMPX {188.46 USD, 2017-03-13}
  Assets:US:Vanguard:Cash                         -240.10 USD

2017-03-13 * "Investing 60% of cash in RGAGX"
  Assets:US:Vanguard:RGAGX                          4.493 RGAGX {80.12 USD, 2017-03-13}
  Assets:US:Vanguard:Cash                         -359.98 USD

2017-03-24 * "Employer match for contribution"
  Assets:US:Vanguard:Cash                          600.00 USD
  Income:US:Hoogle:Match401k                      -600.00 USD

2017-03-27 * "Investing 40% of cash in VBMPX"
  Assets:US:Vanguard:VBMPX                          2.533 VBMPX {189.47 USD, 2017-03-27}
  Assets:US:Vanguard:Cash                         -479.93 USD

2017-03-27 * "Investing 60% of cash in RGAGX"
  Assets:US:Vanguard:RGAGX                          8.871 RGAGX {81.16 USD, 2017-03-27}
  Assets:US:Vanguard:Cash                         -719.97 USD

2017-03-27 * "Investing 40% of cash in VBMPX"
  Assets:US:Vanguard:VBMPX                          1.267 VBMPX {189.47 USD, 2017-03-27}
  Assets:US:Vanguard:Cash                         -240.06 USD

2017-03-27 * "Investing 60% of cash in RGAGX"
  Assets:US:Vanguard:RGAGX                          4.436 RGAGX {81.16 USD, 2017-03-27}
  Assets:US:Vanguard:Cash                         -360.03 USD

2017-04-07 * "Employer match for contribution"
  Assets:US:Vanguard:Cash                          600.00 USD
  Income:US:Hoogle:Match401k                      -600.00 USD

2017-04-10 * "Investing 40% of cash in VBMPX"
  Assets:US:Vanguard:VBMPX                          2.511 VBMPX {191.16 USD, 2017-04-10}
  Assets:US:Vanguard:Cash                         -480.00 USD

2017-04-10 * "Investing 60% of cash in RGAGX"
  Assets:US:Vanguard:RGAGX                          8.948 RGAGX {80.46 USD, 2017-04-10}
  Assets:US:Vanguard:Cash                         -719.96 USD

2017-04-10 * "Investing 40% of cash in VBMPX"
  Assets:US:Vanguard:VBMPX                          1.255 VBMPX {191.16 USD, 2017-04-10}
  Assets:US:Vanguard:Cash                         -239.91 USD

2017-04-10 * "Investing 60% of cash in RGAGX"
  Assets:US:Vanguard:RGAGX                          4.474 RGAGX {80.46 USD, 2017-04-10}
  Assets:US:Vanguard:Cash                         -359.98 USD

2017-04-21 * "Employer match for contribution"
  Assets:US:Vanguard:Cash                          600.00 USD
  Income:US:Hoogle:Match401k                      -600.00 USD

2017-04-24 * "Investing 40% of cash in VBMPX"
  Assets:US:Vanguard:VBMPX                          2.443 VBMPX {196.50 USD, 2017-04-24}
  Assets:US:Vanguard:Cash                         -480.05 USD

2017-04-24 * "Investing 60% of cash in RGAGX"
  Assets:US:Vanguard:RGAGX                          8.950 RGAGX {80.45 USD, 2017-04-24}
  Assets:US:Vanguard:Cash                         -720.03 USD

2017-04-24 * "Investing 40% of cash in VBMPX"
  Assets:US:Vanguard:VBMPX                          1.221 VBMPX {196.50 USD, 2017-04-24}
  Assets:US:Vanguard:Cash                         -239.93 USD

2017-04-24 * "Investing 60% of cash in RGAGX"
  Assets:US:Vanguard:RGAGX                          4.475 RGAGX {80.45 USD, 2017-04-24}
  Assets:US:Vanguard:Cash                         -360.01 USD

2017-05-05 * "Employer match for contribution"
  Assets:US:Vanguard:Cash                          600.00 USD
  Income:US:Hoogle:Match401k                      -600.00 USD

2017-05-08 * "Investing 40% of cash in VBMPX"
  Assets:US:Vanguard:VBMPX                          2.397 VBMPX {200.23 USD, 2017-05-08}
  Assets:US:Vanguard:Cash                         -479.95 USD

2017-05-08 * "Investing 60% of cash in RGAGX"
  Assets:US:Vanguard:RGAGX                          8.827 RGAGX {81.57 USD, 2017-05-08}
  Assets:US:Vanguard:Cash                         -720.02 USD

2017-05-08 * "Investing 40% of cash in VBMPX"
  Assets:US:Vanguard:VBMPX                          1.199 VBMPX {200.23 USD, 2017-05-08}
  Assets:US:Vanguard:Cash                         -240.08 USD

2017-05-08 * "Investing 60% of cash in RGAGX"
  Assets:US:Vanguard:RGAGX                          4.414 RGAGX {81.57 USD, 2017-05-08}
  Assets:US:Vanguard:Cash                         -360.05 USD

2017-05-19 * "Employer match for contribution"
  Assets:US:Vanguard:Cash                          600.00 USD
  Income:US:Hoogle:Match401k                      -600.00 USD

2017-05-22 * "Investing 40% of cash in VBMPX"
  Assets:US:Vanguard:VBMPX                          2.364 VBMPX {203.04 USD, 2017-05-22}
  Assets:US:Vanguard:Cash                         -479.99 USD

2017-05-22 * "Investing 60% of cash in RGAGX"
  Assets:US:Vanguard:RGAGX                          8.726 RGAGX {82.51 USD, 2017-05-22}
  Assets:US:Vanguard:Cash                         -719.98 USD

2017-05-22 * "Investing 40% of cash in VBMPX"
  Assets:US:Vanguard:VBMPX                          1.182 VBMPX {203.04 USD, 2017-05-22}
  Assets:US:Vanguard:Cash                         -239.99 USD

2017-05-22 * "Investing 60% of cash in RGAGX"
  Assets:US:Vanguard:RGAGX                          4.363 RGAGX {82.51 USD, 2017-05-22}
  Assets:US:Vanguard:Cash                         -359.99 USD

2017-06-02 * "Employer match for contribution"
  Assets:US:Vanguard:Cash                          600.00 USD
  Income:US:Hoogle:Match401k                      -600.00 USD

2017-06-05 * "Investing 40% of cash in VBMPX"
  Assets:US:Vanguard:VBMPX                          2.323 VBMPX {206.64 USD, 2017-06-05}
  Assets:US:Vanguard:Cash                         -480.02 USD

2017-06-05 * "Investing 60% of cash in RGAGX"
  Assets:US:Vanguard:RGAGX                          8.768 RGAGX {82.12 USD, 2017-06-05}
  Assets:US:Vanguard:Cash                         -720.03 USD

2017-06-05 * "Investing 40% of cash in VBMPX"
  Assets:US:Vanguard:VBMPX                          1.161 VBMPX {206.64 USD, 2017-06-05}
  Assets:US:Vanguard:Cash                         -239.91 USD

2017-06-05 * "Investing 60% of cash in RGAGX"
  Assets:US:Vanguard:RGAGX                          4.384 RGAGX {82.12 USD, 2017-06-05}
  Assets:US:Vanguard:Cash                         -360.01 USD

2017-06-16 * "Employer match for contribution"
  Assets:US:Vanguard:Cash                          600.00 USD
  Income:US:Hoogle:Match401k                      -600.00 USD

2017-06-19 * "Investing 40% of cash in VBMPX"
  Assets:US:Vanguard:VBMPX                          2.328 VBMPX {206.18 USD, 2017-06-19}
  Assets:US:Vanguard:Cash                         -479.99 USD

2017-06-19 * "Investing 60% of cash in RGAGX"
  Assets:US:Vanguard:RGAGX                          8.531 RGAGX {84.40 USD, 2017-06-19}
  Assets:US:Vanguard:Cash                         -720.02 USD

2017-06-19 * "Investing 40% of cash in VBMPX"
  Assets:US:Vanguard:VBMPX                          1.164 VBMPX {206.18 USD, 2017-06-19}
  Assets:US:Vanguard:Cash                         -239.99 USD

2017-06-19 * "Investing 60% of cash in RGAGX"
  Assets:US:Vanguard:RGAGX                          4.266 RGAGX {84.40 USD, 2017-06-19}
  Assets:US:Vanguard:Cash                         -360.05 USD

2017-06-30 * "Employer match for contribution"
  Assets:US:Vanguard:Cash                          600.00 USD
  Income:US:Hoogle:Match401k                      -600.00 USD

2017-07-03 * "Investing 40% of cash in VBMPX"
  Assets:US:Vanguard:VBMPX                          2.310 VBMPX {207.83 USD, 2017-07-03}
  Assets:US:Vanguard:Cash                         -480.09 USD

2017-07-03 * "Investing 60% of cash in RGAGX"
  Assets:US:Vanguard:RGAGX                          8.473 RGAGX {84.98 USD, 2017-07-03}
  Assets:US:Vanguard:Cash                         -720.04 USD

2017-07-03 * "Investing 40% of cash in VBMPX"
  Assets:US:Vanguard:VBMPX                          1.155 VBMPX {207.83 USD, 2017-07-03}
  Assets:US:Vanguard:Cash                         -240.04 USD

2017-07-03 * "Investing 60% of cash in RGAGX"
  Assets:US:Vanguard:RGAGX                          4.235 RGAGX {84.98 USD, 2017-07-03}
  Assets:US:Vanguard:Cash                         -359.89 USD

2017-07-14 * "Employer match for contribution"
  Assets:US:Vanguard:Cash                          600.00 USD
  Income:US:Hoogle:Match401k                      -600.00 USD

2017-07-17 * "Investing 40% of cash in VBMPX"
  Assets:US:Vanguard:VBMPX                          2.316 VBMPX {207.28 USD, 2017-07-17}
  Assets:US:Vanguard:Cash                         -480.06 USD

2017-07-17 * "Investing 60% of cash in RGAGX"
  Assets:US:Vanguard:RGAGX                          8.529 RGAGX {84.41 USD, 2017-07-17}
  Assets:US:Vanguard:Cash                         -719.93 USD

2017-07-17 * "Investing 40% of cash in VBMPX"
  Assets:US:Vanguard:VBMPX                          1.158 VBMPX {207.28 USD, 2017-07-17}
  Assets:US:Vanguard:Cash                         -240.03 USD

2017-07-17 * "Investing 60% of cash in RGAGX"
  Assets:US:Vanguard:RGAGX                          4.265 RGAGX {84.41 USD, 2017-07-17}
  Assets:US:Vanguard:Cash                         -360.01 USD

2017-07-28 * "Employer match for contribution"
  Assets:US:Vanguard:Cash                          600.00 USD
  Income:US:Hoogle:Match401k                      -600.00 USD

2017-07-31 * "Investing 40% of cash in VBMPX"
  Assets:US:Vanguard:VBMPX                          2.318 VBMPX {207.06 USD, 2017-07-31}
  Assets:US:Vanguard:Cash                         -479.97 USD

2017-07-31 * "Investing 60% of cash in RGAGX"
  Assets:US:Vanguard:RGAGX                          8.643 RGAGX {83.30 USD, 2017-07-31}
  Assets:US:Vanguard:Cash                         -719.96 USD

2017-07-31 * "Investing 40% of cash in VBMPX"
  Assets:US:Vanguard:VBMPX                          1.159 VBMPX {207.06 USD, 2017-07-31}
  Assets:US:Vanguard:Cash                         -239.98 USD

2017-07-31 * "Investing 60% of cash in RGAGX"
  Assets:US:Vanguard:RGAGX                          4.322 RGAGX {83.30 USD, 2017-07-31}
  Assets:US:Vanguard:Cash                         -360.02 USD

2017-08-11 * "Employer match for contribution"
  Assets:US:Vanguard:Cash                          250.00 USD
  Income:US:Hoogle:Match401k                      -250.00 USD

2017-08-14 * "Investing 40% of cash in VBMPX"
  Assets:US:Vanguard:VBMPX                          0.958 VBMPX {208.79 USD, 2017-08-14}
  Assets:US:Vanguard:Cash                         -200.02 USD

2017-08-14 * "Investing 60% of cash in RGAGX"
  Assets:US:Vanguard:RGAGX                          3.685 RGAGX {81.40 USD, 2017-08-14}
  Assets:US:Vanguard:Cash                         -299.96 USD

2017-08-14 * "Investing 40% of cash in VBMPX"
  Assets:US:Vanguard:VBMPX                          0.479 VBMPX {208.79 USD, 2017-08-14}
  Assets:US:Vanguard:Cash                         -100.01 USD

2017-08-14 * "Investing 60% of cash in RGAGX"
  Assets:US:Vanguard:RGAGX                          1.843 RGAGX {81.40 USD, 2017-08-14}
  Assets:US:Vanguard:Cash                         -150.02 USD



* Sources of Income

2015-01-01 open Income:US:Hoogle:Salary                      USD
2015-01-01 open Income:US:Hoogle:GroupTermLife               USD
2015-01-01 open Income:US:Hoogle:Vacation                    VACHR
2015-01-01 open Assets:US:Hoogle:Vacation                    VACHR
2015-01-01 open Expenses:Vacation                               VACHR
2015-01-01 open Expenses:Health:Life:GroupTermLife
2015-01-01 open Expenses:Health:Medical:Insurance
2015-01-01 open Expenses:Health:Dental:Insurance
2015-01-01 open Expenses:Health:Vision:Insurance

2015-01-01 * "Hoogle" "Payroll"
  Assets:US:BofA:Checking                         1350.60 USD
  Assets:US:Vanguard:Cash                         1200.00 USD
  Income:US:Hoogle:Salary                        -4615.38 USD
  Income:US:Hoogle:GroupTermLife                   -24.32 USD
  Expenses:Health:Life:GroupTermLife                24.32 USD
  Expenses:Health:Dental:Insurance                   2.90 USD
  Expenses:Health:Medical:Insurance                 27.38 USD
  Expenses:Health:Vision:Insurance                  42.30 USD
  Expenses:Taxes:Y2015:US:Medicare                 106.62 USD
  Expenses:Taxes:Y2015:US:Federal                 1062.92 USD
  Expenses:Taxes:Y2015:US:State                    365.08 USD
  Expenses:Taxes:Y2015:US:CityNYC                  174.92 USD
  Expenses:Taxes:Y2015:US:SDI                        1.12 USD
  Expenses:Taxes:Y2015:US:SocSec                   281.54 USD
  Assets:US:Federal:PreTax401k                   -1200.00 IRAUSD
  Expenses:Taxes:Y2015:US:Federal:PreTax401k      1200.00 IRAUSD
  Assets:US:Hoogle:Vacation                             5 VACHR
  Income:US:Hoogle:Vacation                            -5 VACHR

2015-01-01 event "employer" "Hoogle, 1600 Amphibious Parkway, River View, CA"

2015-01-15 * "Hoogle" "Payroll"
  Assets:US:BofA:Checking                         1350.60 USD
  Assets:US:Vanguard:Cash                         1200.00 USD
  Income:US:Hoogle:Salary                        -4615.38 USD
  Income:US:Hoogle:GroupTermLife                   -24.32 USD
  Expenses:Health:Life:GroupTermLife                24.32 USD
  Expenses:Health:Dental:Insurance                   2.90 USD
  Expenses:Health:Medical:Insurance                 27.38 USD
  Expenses:Health:Vision:Insurance                  42.30 USD
  Expenses:Taxes:Y2015:US:Medicare                 106.62 USD
  Expenses:Taxes:Y2015:US:Federal                 1062.92 USD
  Expenses:Taxes:Y2015:US:State                    365.08 USD
  Expenses:Taxes:Y2015:US:CityNYC                  174.92 USD
  Expenses:Taxes:Y2015:US:SDI                        1.12 USD
  Expenses:Taxes:Y2015:US:SocSec                   281.54 USD
  Assets:US:Federal:PreTax401k                   -1200.00 IRAUSD
  Expenses:Taxes:Y2015:US:Federal:PreTax401k      1200.00 IRAUSD
  Assets:US:Hoogle:Vacation                             5 VACHR
  Income:US:Hoogle:Vacation                            -5 VACHR

2015-01-29 * "Hoogle" "Payroll"
  Assets:US:BofA:Checking                         1350.60 USD
  Assets:US:Vanguard:Cash                         1200.00 USD
  Income:US:Hoogle:Salary                        -4615.38 USD
  Income:US:Hoogle:GroupTermLife                   -24.32 USD
  Expenses:Health:Life:GroupTermLife                24.32 USD
  Expenses:Health:Dental:Insurance                   2.90 USD
  Expenses:Health:Medical:Insurance                 27.38 USD
  Expenses:Health:Vision:Insurance                  42.30 USD
  Expenses:Taxes:Y2015:US:Medicare                 106.62 USD
  Expenses:Taxes:Y2015:US:Federal                 1062.92 USD
  Expenses:Taxes:Y2015:US:State                    365.08 USD
  Expenses:Taxes:Y2015:US:CityNYC                  174.92 USD
  Expenses:Taxes:Y2015:US:SDI                        1.12 USD
  Expenses:Taxes:Y2015:US:SocSec                   281.54 USD
  Assets:US:Federal:PreTax401k                   -1200.00 IRAUSD
  Expenses:Taxes:Y2015:US:Federal:PreTax401k      1200.00 IRAUSD
  Assets:US:Hoogle:Vacation                             5 VACHR
  Income:US:Hoogle:Vacation                            -5 VACHR

2015-02-12 * "Hoogle" "Payroll"
  Assets:US:BofA:Checking                         1350.60 USD
  Assets:US:Vanguard:Cash                         1200.00 USD
  Income:US:Hoogle:Salary                        -4615.38 USD
  Income:US:Hoogle:GroupTermLife                   -24.32 USD
  Expenses:Health:Life:GroupTermLife                24.32 USD
  Expenses:Health:Dental:Insurance                   2.90 USD
  Expenses:Health:Medical:Insurance                 27.38 USD
  Expenses:Health:Vision:Insurance                  42.30 USD
  Expenses:Taxes:Y2015:US:Medicare                 106.62 USD
  Expenses:Taxes:Y2015:US:Federal                 1062.92 USD
  Expenses:Taxes:Y2015:US:State                    365.08 USD
  Expenses:Taxes:Y2015:US:CityNYC                  174.92 USD
  Expenses:Taxes:Y2015:US:SDI                        1.12 USD
  Expenses:Taxes:Y2015:US:SocSec                   281.54 USD
  Assets:US:Federal:PreTax401k                   -1200.00 IRAUSD
  Expenses:Taxes:Y2015:US:Federal:PreTax401k      1200.00 IRAUSD
  Assets:US:Hoogle:Vacation                             5 VACHR
  Income:US:Hoogle:Vacation                            -5 VACHR

2015-02-26 * "Hoogle" "Payroll"
  Assets:US:BofA:Checking                         1350.60 USD
  Assets:US:Vanguard:Cash                         1200.00 USD
  Income:US:Hoogle:Salary                        -4615.38 USD
  Income:US:Hoogle:GroupTermLife                   -24.32 USD
  Expenses:Health:Life:GroupTermLife                24.32 USD
  Expenses:Health:Dental:Insurance                   2.90 USD
  Expenses:Health:Medical:Insurance                 27.38 USD
  Expenses:Health:Vision:Insurance                  42.30 USD
  Expenses:Taxes:Y2015:US:Medicare                 106.62 USD
  Expenses:Taxes:Y2015:US:Federal                 1062.92 USD
  Expenses:Taxes:Y2015:US:State                    365.08 USD
  Expenses:Taxes:Y2015:US:CityNYC                  174.92 USD
  Expenses:Taxes:Y2015:US:SDI                        1.12 USD
  Expenses:Taxes:Y2015:US:SocSec                   281.54 USD
  Assets:US:Federal:PreTax401k                   -1200.00 IRAUSD
  Expenses:Taxes:Y2015:US:Federal:PreTax401k      1200.00 IRAUSD
  Assets:US:Hoogle:Vacation                             5 VACHR
  Income:US:Hoogle:Vacation                            -5 VACHR

2015-03-12 * "Hoogle" "Payroll"
  Assets:US:BofA:Checking                         1350.60 USD
  Assets:US:Vanguard:Cash                         1200.00 USD
  Income:US:Hoogle:Salary                        -4615.38 USD
  Income:US:Hoogle:GroupTermLife                   -24.32 USD
  Expenses:Health:Life:GroupTermLife                24.32 USD
  Expenses:Health:Dental:Insurance                   2.90 USD
  Expenses:Health:Medical:Insurance                 27.38 USD
  Expenses:Health:Vision:Insurance                  42.30 USD
  Expenses:Taxes:Y2015:US:Medicare                 106.62 USD
  Expenses:Taxes:Y2015:US:Federal                 1062.92 USD
  Expenses:Taxes:Y2015:US:State                    365.08 USD
  Expenses:Taxes:Y2015:US:CityNYC                  174.92 USD
  Expenses:Taxes:Y2015:US:SDI                        1.12 USD
  Expenses:Taxes:Y2015:US:SocSec                   281.54 USD
  Assets:US:Federal:PreTax401k                   -1200.00 IRAUSD
  Expenses:Taxes:Y2015:US:Federal:PreTax401k      1200.00 IRAUSD
  Assets:US:Hoogle:Vacation                             5 VACHR
  Income:US:Hoogle:Vacation                            -5 VACHR

2015-03-26 * "Hoogle" "Payroll"
  Assets:US:BofA:Checking                         1350.60 USD
  Assets:US:Vanguard:Cash                         1200.00 USD
  Income:US:Hoogle:Salary                        -4615.38 USD
  Income:US:Hoogle:GroupTermLife                   -24.32 USD
  Expenses:Health:Life:GroupTermLife                24.32 USD
  Expenses:Health:Dental:Insurance                   2.90 USD
  Expenses:Health:Medical:Insurance                 27.38 USD
  Expenses:Health:Vision:Insurance                  42.30 USD
  Expenses:Taxes:Y2015:US:Medicare                 106.62 USD
  Expenses:Taxes:Y2015:US:Federal                 1062.92 USD
  Expenses:Taxes:Y2015:US:State                    365.08 USD
  Expenses:Taxes:Y2015:US:CityNYC                  174.92 USD
  Expenses:Taxes:Y2015:US:SDI                        1.12 USD
  Expenses:Taxes:Y2015:US:SocSec                   281.54 USD
  Assets:US:Federal:PreTax401k                   -1200.00 IRAUSD
  Expenses:Taxes:Y2015:US:Federal:PreTax401k      1200.00 IRAUSD
  Assets:US:Hoogle:Vacation                             5 VACHR
  Income:US:Hoogle:Vacation                            -5 VACHR

2015-04-09 * "Hoogle" "Payroll"
  Assets:US:BofA:Checking                         1350.60 USD
  Assets:US:Vanguard:Cash                         1200.00 USD
  Income:US:Hoogle:Salary                        -4615.38 USD
  Income:US:Hoogle:GroupTermLife                   -24.32 USD
  Expenses:Health:Life:GroupTermLife                24.32 USD
  Expenses:Health:Dental:Insurance                   2.90 USD
  Expenses:Health:Medical:Insurance                 27.38 USD
  Expenses:Health:Vision:Insurance                  42.30 USD
  Expenses:Taxes:Y2015:US:Medicare                 106.62 USD
  Expenses:Taxes:Y2015:US:Federal                 1062.92 USD
  Expenses:Taxes:Y2015:US:State                    365.08 USD
  Expenses:Taxes:Y2015:US:CityNYC                  174.92 USD
  Expenses:Taxes:Y2015:US:SDI                        1.12 USD
  Expenses:Taxes:Y2015:US:SocSec                   281.54 USD
  Assets:US:Federal:PreTax401k                   -1200.00 IRAUSD
  Expenses:Taxes:Y2015:US:Federal:PreTax401k      1200.00 IRAUSD
  Assets:US:Hoogle:Vacation                             5 VACHR
  Income:US:Hoogle:Vacation                            -5 VACHR

2015-04-23 * "Hoogle" "Payroll"
  Assets:US:BofA:Checking                         1350.60 USD
  Assets:US:Vanguard:Cash                         1200.00 USD
  Income:US:Hoogle:Salary                        -4615.38 USD
  Income:US:Hoogle:GroupTermLife                   -24.32 USD
  Expenses:Health:Life:GroupTermLife                24.32 USD
  Expenses:Health:Dental:Insurance                   2.90 USD
  Expenses:Health:Medical:Insurance                 27.38 USD
  Expenses:Health:Vision:Insurance                  42.30 USD
  Expenses:Taxes:Y2015:US:Medicare                 106.62 USD
  Expenses:Taxes:Y2015:US:Federal                 1062.92 USD
  Expenses:Taxes:Y2015:US:State                    365.08 USD
  Expenses:Taxes:Y2015:US:CityNYC                  174.92 USD
  Expenses:Taxes:Y2015:US:SDI                        1.12 USD
  Expenses:Taxes:Y2015:US:SocSec                   281.54 USD
  Assets:US:Federal:PreTax401k                   -1200.00 IRAUSD
  Expenses:Taxes:Y2015:US:Federal:PreTax401k      1200.00 IRAUSD
  Assets:US:Hoogle:Vacation                             5 VACHR
  Income:US:Hoogle:Vacation                            -5 VACHR

2015-05-07 * "Hoogle" "Payroll"
  Assets:US:BofA:Checking                         1350.60 USD
  Assets:US:Vanguard:Cash                         1200.00 USD
  Income:US:Hoogle:Salary                        -4615.38 USD
  Income:US:Hoogle:GroupTermLife                   -24.32 USD
  Expenses:Health:Life:GroupTermLife                24.32 USD
  Expenses:Health:Dental:Insurance                   2.90 USD
  Expenses:Health:Medical:Insurance                 27.38 USD
  Expenses:Health:Vision:Insurance                  42.30 USD
  Expenses:Taxes:Y2015:US:Medicare                 106.62 USD
  Expenses:Taxes:Y2015:US:Federal                 1062.92 USD
  Expenses:Taxes:Y2015:US:State                    365.08 USD
  Expenses:Taxes:Y2015:US:CityNYC                  174.92 USD
  Expenses:Taxes:Y2015:US:SDI                        1.12 USD
  Expenses:Taxes:Y2015:US:SocSec                   281.54 USD
  Assets:US:Federal:PreTax401k                   -1200.00 IRAUSD
  Expenses:Taxes:Y2015:US:Federal:PreTax401k      1200.00 IRAUSD
  Assets:US:Hoogle:Vacation                             5 VACHR
  Income:US:Hoogle:Vacation                            -5 VACHR

2015-05-21 * "Hoogle" "Payroll"
  Assets:US:BofA:Checking                         1350.60 USD
  Assets:US:Vanguard:Cash                         1200.00 USD
  Income:US:Hoogle:Salary                        -4615.38 USD
  Income:US:Hoogle:GroupTermLife                   -24.32 USD
  Expenses:Health:Life:GroupTermLife                24.32 USD
  Expenses:Health:Dental:Insurance                   2.90 USD
  Expenses:Health:Medical:Insurance                 27.38 USD
  Expenses:Health:Vision:Insurance                  42.30 USD
  Expenses:Taxes:Y2015:US:Medicare                 106.62 USD
  Expenses:Taxes:Y2015:US:Federal                 1062.92 USD
  Expenses:Taxes:Y2015:US:State                    365.08 USD
  Expenses:Taxes:Y2015:US:CityNYC                  174.92 USD
  Expenses:Taxes:Y2015:US:SDI                        1.12 USD
  Expenses:Taxes:Y2015:US:SocSec                   281.54 USD
  Assets:US:Federal:PreTax401k                   -1200.00 IRAUSD
  Expenses:Taxes:Y2015:US:Federal:PreTax401k      1200.00 IRAUSD
  Assets:US:Hoogle:Vacation                             5 VACHR
  Income:US:Hoogle:Vacation                            -5 VACHR

2015-06-04 * "Hoogle" "Payroll"
  Assets:US:BofA:Checking                         1350.60 USD
  Assets:US:Vanguard:Cash                         1200.00 USD
  Income:US:Hoogle:Salary                        -4615.38 USD
  Income:US:Hoogle:GroupTermLife                   -24.32 USD
  Expenses:Health:Life:GroupTermLife                24.32 USD
  Expenses:Health:Dental:Insurance                   2.90 USD
  Expenses:Health:Medical:Insurance                 27.38 USD
  Expenses:Health:Vision:Insurance                  42.30 USD
  Expenses:Taxes:Y2015:US:Medicare                 106.62 USD
  Expenses:Taxes:Y2015:US:Federal                 1062.92 USD
  Expenses:Taxes:Y2015:US:State                    365.08 USD
  Expenses:Taxes:Y2015:US:CityNYC                  174.92 USD
  Expenses:Taxes:Y2015:US:SDI                        1.12 USD
  Expenses:Taxes:Y2015:US:SocSec                   281.54 USD
  Assets:US:Federal:PreTax401k                   -1200.00 IRAUSD
  Expenses:Taxes:Y2015:US:Federal:PreTax401k      1200.00 IRAUSD
  Assets:US:Hoogle:Vacation                             5 VACHR
  Income:US:Hoogle:Vacation                            -5 VACHR

2015-06-18 * "Hoogle" "Payroll"
  Assets:US:BofA:Checking                         1350.60 USD
  Assets:US:Vanguard:Cash                         1200.00 USD
  Income:US:Hoogle:Salary                        -4615.38 USD
  Income:US:Hoogle:GroupTermLife                   -24.32 USD
  Expenses:Health:Life:GroupTermLife                24.32 USD
  Expenses:Health:Dental:Insurance                   2.90 USD
  Expenses:Health:Medical:Insurance                 27.38 USD
  Expenses:Health:Vision:Insurance                  42.30 USD
  Expenses:Taxes:Y2015:US:Medicare                 106.62 USD
  Expenses:Taxes:Y2015:US:Federal                 1062.92 USD
  Expenses:Taxes:Y2015:US:State                    365.08 USD
  Expenses:Taxes:Y2015:US:CityNYC                  174.92 USD
  Expenses:Taxes:Y2015:US:SDI                        1.12 USD
  Expenses:Taxes:Y2015:US:SocSec                   281.54 USD
  Assets:US:Federal:PreTax401k                   -1200.00 IRAUSD
  Expenses:Taxes:Y2015:US:Federal:PreTax401k      1200.00 IRAUSD
  Assets:US:Hoogle:Vacation                             5 VACHR
  Income:US:Hoogle:Vacation                            -5 VACHR

2015-07-02 * "Hoogle" "Payroll"
  Assets:US:BofA:Checking                         1350.60 USD
  Assets:US:Vanguard:Cash                         1200.00 USD
  Income:US:Hoogle:Salary                        -4615.38 USD
  Income:US:Hoogle:GroupTermLife                   -24.32 USD
  Expenses:Health:Life:GroupTermLife                24.32 USD
  Expenses:Health:Dental:Insurance                   2.90 USD
  Expenses:Health:Medical:Insurance                 27.38 USD
  Expenses:Health:Vision:Insurance                  42.30 USD
  Expenses:Taxes:Y2015:US:Medicare                 106.62 USD
  Expenses:Taxes:Y2015:US:Federal                 1062.92 USD
  Expenses:Taxes:Y2015:US:State                    365.08 USD
  Expenses:Taxes:Y2015:US:CityNYC                  174.92 USD
  Expenses:Taxes:Y2015:US:SDI                        1.12 USD
  Expenses:Taxes:Y2015:US:SocSec                   281.54 USD
  Assets:US:Federal:PreTax401k                   -1200.00 IRAUSD
  Expenses:Taxes:Y2015:US:Federal:PreTax401k      1200.00 IRAUSD
  Assets:US:Hoogle:Vacation                             5 VACHR
  Income:US:Hoogle:Vacation                            -5 VACHR

2015-07-16 * "Hoogle" "Payroll"
  Assets:US:BofA:Checking                         1350.60 USD
  Assets:US:Vanguard:Cash                         1200.00 USD
  Income:US:Hoogle:Salary                        -4615.38 USD
  Income:US:Hoogle:GroupTermLife                   -24.32 USD
  Expenses:Health:Life:GroupTermLife                24.32 USD
  Expenses:Health:Dental:Insurance                   2.90 USD
  Expenses:Health:Medical:Insurance                 27.38 USD
  Expenses:Health:Vision:Insurance                  42.30 USD
  Expenses:Taxes:Y2015:US:Medicare                 106.62 USD
  Expenses:Taxes:Y2015:US:Federal                 1062.92 USD
  Expenses:Taxes:Y2015:US:State                    365.08 USD
  Expenses:Taxes:Y2015:US:CityNYC                  174.92 USD
  Expenses:Taxes:Y2015:US:SDI                        1.12 USD
  Expenses:Taxes:Y2015:US:SocSec                   281.54 USD
  Assets:US:Federal:PreTax401k                   -1200.00 IRAUSD
  Expenses:Taxes:Y2015:US:Federal:PreTax401k      1200.00 IRAUSD
  Assets:US:Hoogle:Vacation                             5 VACHR
  Income:US:Hoogle:Vacation                            -5 VACHR

2015-07-30 * "Hoogle" "Payroll"
  Assets:US:BofA:Checking                         2550.60 USD
  Income:US:Hoogle:Salary                        -4615.38 USD
  Income:US:Hoogle:GroupTermLife                   -24.32 USD
  Expenses:Health:Life:GroupTermLife                24.32 USD
  Expenses:Health:Dental:Insurance                   2.90 USD
  Expenses:Health:Medical:Insurance                 27.38 USD
  Expenses:Health:Vision:Insurance                  42.30 USD
  Expenses:Taxes:Y2015:US:Medicare                 106.62 USD
  Expenses:Taxes:Y2015:US:Federal                 1062.92 USD
  Expenses:Taxes:Y2015:US:State                    365.08 USD
  Expenses:Taxes:Y2015:US:CityNYC                  174.92 USD
  Expenses:Taxes:Y2015:US:SDI                        1.12 USD
  Expenses:Taxes:Y2015:US:SocSec                   281.54 USD
  Assets:US:Federal:PreTax401k                       0.00 IRAUSD
  Assets:US:Hoogle:Vacation                             5 VACHR
  Income:US:Hoogle:Vacation                            -5 VACHR

2015-08-13 * "Hoogle" "Payroll"
  Assets:US:BofA:Checking                         2550.60 USD
  Income:US:Hoogle:Salary                        -4615.38 USD
  Income:US:Hoogle:GroupTermLife                   -24.32 USD
  Expenses:Health:Life:GroupTermLife                24.32 USD
  Expenses:Health:Dental:Insurance                   2.90 USD
  Expenses:Health:Medical:Insurance                 27.38 USD
  Expenses:Health:Vision:Insurance                  42.30 USD
  Expenses:Taxes:Y2015:US:Medicare                 106.62 USD
  Expenses:Taxes:Y2015:US:Federal                 1062.92 USD
  Expenses:Taxes:Y2015:US:State                    365.08 USD
  Expenses:Taxes:Y2015:US:CityNYC                  174.92 USD
  Expenses:Taxes:Y2015:US:SDI                        1.12 USD
  Expenses:Taxes:Y2015:US:SocSec                   281.54 USD
  Assets:US:Federal:PreTax401k                       0.00 IRAUSD
  Assets:US:Hoogle:Vacation                             5 VACHR
  Income:US:Hoogle:Vacation                            -5 VACHR

2015-08-27 * "Hoogle" "Payroll"
  Assets:US:BofA:Checking                         2550.60 USD
  Income:US:Hoogle:Salary                        -4615.38 USD
  Income:US:Hoogle:GroupTermLife                   -24.32 USD
  Expenses:Health:Life:GroupTermLife                24.32 USD
  Expenses:Health:Dental:Insurance                   2.90 USD
  Expenses:Health:Medical:Insurance                 27.38 USD
  Expenses:Health:Vision:Insurance                  42.30 USD
  Expenses:Taxes:Y2015:US:Medicare                 106.62 USD
  Expenses:Taxes:Y2015:US:Federal                 1062.92 USD
  Expenses:Taxes:Y2015:US:State                    365.08 USD
  Expenses:Taxes:Y2015:US:CityNYC                  174.92 USD
  Expenses:Taxes:Y2015:US:SDI                        1.12 USD
  Expenses:Taxes:Y2015:US:SocSec                   281.54 USD
  Assets:US:Federal:PreTax401k                       0.00 IRAUSD
  Assets:US:Hoogle:Vacation                             5 VACHR
  Income:US:Hoogle:Vacation                            -5 VACHR

2015-09-10 * "Hoogle" "Payroll"
  Assets:US:BofA:Checking                         2550.60 USD
  Income:US:Hoogle:Salary                        -4615.38 USD
  Income:US:Hoogle:GroupTermLife                   -24.32 USD
  Expenses:Health:Life:GroupTermLife                24.32 USD
  Expenses:Health:Dental:Insurance                   2.90 USD
  Expenses:Health:Medical:Insurance                 27.38 USD
  Expenses:Health:Vision:Insurance                  42.30 USD
  Expenses:Taxes:Y2015:US:Medicare                 106.62 USD
  Expenses:Taxes:Y2015:US:Federal                 1062.92 USD
  Expenses:Taxes:Y2015:US:State                    365.08 USD
  Expenses:Taxes:Y2015:US:CityNYC                  174.92 USD
  Expenses:Taxes:Y2015:US:SDI                        1.12 USD
  Expenses:Taxes:Y2015:US:SocSec                   281.54 USD
  Assets:US:Federal:PreTax401k                       0.00 IRAUSD
  Assets:US:Hoogle:Vacation                             5 VACHR
  Income:US:Hoogle:Vacation                            -5 VACHR

2015-09-24 * "Hoogle" "Payroll"
  Assets:US:BofA:Checking                         2550.60 USD
  Income:US:Hoogle:Salary                        -4615.38 USD
  Income:US:Hoogle:GroupTermLife                   -24.32 USD
  Expenses:Health:Life:GroupTermLife                24.32 USD
  Expenses:Health:Dental:Insurance                   2.90 USD
  Expenses:Health:Medical:Insurance                 27.38 USD
  Expenses:Health:Vision:Insurance                  42.30 USD
  Expenses:Taxes:Y2015:US:Medicare                 106.62 USD
  Expenses:Taxes:Y2015:US:Federal                 1062.92 USD
  Expenses:Taxes:Y2015:US:State                    365.08 USD
  Expenses:Taxes:Y2015:US:CityNYC                  174.92 USD
  Expenses:Taxes:Y2015:US:SDI                        1.12 USD
  Expenses:Taxes:Y2015:US:SocSec                   281.54 USD
  Assets:US:Federal:PreTax401k                       0.00 IRAUSD
  Assets:US:Hoogle:Vacation                             5 VACHR
  Income:US:Hoogle:Vacation                            -5 VACHR

2015-10-08 * "Hoogle" "Payroll"
  Assets:US:BofA:Checking                         2550.60 USD
  Income:US:Hoogle:Salary                        -4615.38 USD
  Income:US:Hoogle:GroupTermLife                   -24.32 USD
  Expenses:Health:Life:GroupTermLife                24.32 USD
  Expenses:Health:Dental:Insurance                   2.90 USD
  Expenses:Health:Medical:Insurance                 27.38 USD
  Expenses:Health:Vision:Insurance                  42.30 USD
  Expenses:Taxes:Y2015:US:Medicare                 106.62 USD
  Expenses:Taxes:Y2015:US:Federal                 1062.92 USD
  Expenses:Taxes:Y2015:US:State                    365.08 USD
  Expenses:Taxes:Y2015:US:CityNYC                  174.92 USD
  Expenses:Taxes:Y2015:US:SDI                        1.12 USD
  Expenses:Taxes:Y2015:US:SocSec                   281.54 USD
  Assets:US:Federal:PreTax401k                       0.00 IRAUSD
  Assets:US:Hoogle:Vacation                             5 VACHR
  Income:US:Hoogle:Vacation                            -5 VACHR

2015-10-22 * "Hoogle" "Payroll"
  Assets:US:BofA:Checking                         2550.60 USD
  Income:US:Hoogle:Salary                        -4615.38 USD
  Income:US:Hoogle:GroupTermLife                   -24.32 USD
  Expenses:Health:Life:GroupTermLife                24.32 USD
  Expenses:Health:Dental:Insurance                   2.90 USD
  Expenses:Health:Medical:Insurance                 27.38 USD
  Expenses:Health:Vision:Insurance                  42.30 USD
  Expenses:Taxes:Y2015:US:Medicare                 106.62 USD
  Expenses:Taxes:Y2015:US:Federal                 1062.92 USD
  Expenses:Taxes:Y2015:US:State                    365.08 USD
  Expenses:Taxes:Y2015:US:CityNYC                  174.92 USD
  Expenses:Taxes:Y2015:US:SDI                        1.12 USD
  Expenses:Taxes:Y2015:US:SocSec                   281.54 USD
  Assets:US:Federal:PreTax401k                       0.00 IRAUSD
  Assets:US:Hoogle:Vacation                             5 VACHR
  Income:US:Hoogle:Vacation                            -5 VACHR

2015-11-05 * "Hoogle" "Payroll"
  Assets:US:BofA:Checking                         2550.60 USD
  Income:US:Hoogle:Salary                        -4615.38 USD
  Income:US:Hoogle:GroupTermLife                   -24.32 USD
  Expenses:Health:Life:GroupTermLife                24.32 USD
  Expenses:Health:Dental:Insurance                   2.90 USD
  Expenses:Health:Medical:Insurance                 27.38 USD
  Expenses:Health:Vision:Insurance                  42.30 USD
  Expenses:Taxes:Y2015:US:Medicare                 106.62 USD
  Expenses:Taxes:Y2015:US:Federal                 1062.92 USD
  Expenses:Taxes:Y2015:US:State                    365.08 USD
  Expenses:Taxes:Y2015:US:CityNYC                  174.92 USD
  Expenses:Taxes:Y2015:US:SDI                        1.12 USD
  Expenses:Taxes:Y2015:US:SocSec                   281.54 USD
  Assets:US:Federal:PreTax401k                       0.00 IRAUSD
  Assets:US:Hoogle:Vacation                             5 VACHR
  Income:US:Hoogle:Vacation                            -5 VACHR

2015-11-19 * "Hoogle" "Payroll"
  Assets:US:BofA:Checking                         2550.60 USD
  Income:US:Hoogle:Salary                        -4615.38 USD
  Income:US:Hoogle:GroupTermLife                   -24.32 USD
  Expenses:Health:Life:GroupTermLife                24.32 USD
  Expenses:Health:Dental:Insurance                   2.90 USD
  Expenses:Health:Medical:Insurance                 27.38 USD
  Expenses:Health:Vision:Insurance                  42.30 USD
  Expenses:Taxes:Y2015:US:Medicare                 106.62 USD
  Expenses:Taxes:Y2015:US:Federal                 1062.92 USD
  Expenses:Taxes:Y2015:US:State                    365.08 USD
  Expenses:Taxes:Y2015:US:CityNYC                  174.92 USD
  Expenses:Taxes:Y2015:US:SDI                        1.12 USD
  Expenses:Taxes:Y2015:US:SocSec                   281.54 USD
  Assets:US:Federal:PreTax401k                       0.00 IRAUSD
  Assets:US:Hoogle:Vacation                             5 VACHR
  Income:US:Hoogle:Vacation                            -5 VACHR

2015-12-03 * "Hoogle" "Payroll"
  Assets:US:BofA:Checking                         2589.06 USD
  Income:US:Hoogle:Salary                        -4615.38 USD
  Income:US:Hoogle:GroupTermLife                   -24.32 USD
  Expenses:Health:Life:GroupTermLife                24.32 USD
  Expenses:Health:Dental:Insurance                   2.90 USD
  Expenses:Health:Medical:Insurance                 27.38 USD
  Expenses:Health:Vision:Insurance                  42.30 USD
  Expenses:Taxes:Y2015:US:Medicare                 106.62 USD
  Expenses:Taxes:Y2015:US:Federal                 1062.92 USD
  Expenses:Taxes:Y2015:US:State                    365.08 USD
  Expenses:Taxes:Y2015:US:CityNYC                  174.92 USD
  Expenses:Taxes:Y2015:US:SDI                        1.12 USD
  Expenses:Taxes:Y2015:US:SocSec                   243.08 USD
  Assets:US:Federal:PreTax401k                       0.00 IRAUSD
  Assets:US:Hoogle:Vacation                             5 VACHR
  Income:US:Hoogle:Vacation                            -5 VACHR

2015-12-17 * "Hoogle" "Payroll"
  Assets:US:BofA:Checking                         2832.14 USD
  Income:US:Hoogle:Salary                        -4615.38 USD
  Income:US:Hoogle:GroupTermLife                   -24.32 USD
  Expenses:Health:Life:GroupTermLife                24.32 USD
  Expenses:Health:Dental:Insurance                   2.90 USD
  Expenses:Health:Medical:Insurance                 27.38 USD
  Expenses:Health:Vision:Insurance                  42.30 USD
  Expenses:Taxes:Y2015:US:Medicare                 106.62 USD
  Expenses:Taxes:Y2015:US:Federal                 1062.92 USD
  Expenses:Taxes:Y2015:US:State                    365.08 USD
  Expenses:Taxes:Y2015:US:CityNYC                  174.92 USD
  Expenses:Taxes:Y2015:US:SDI                        1.12 USD
  Expenses:Taxes:Y2015:US:SocSec                     0.00 USD
  Assets:US:Federal:PreTax401k                       0.00 IRAUSD
  Assets:US:Hoogle:Vacation                             5 VACHR
  Income:US:Hoogle:Vacation                            -5 VACHR

2015-12-31 * "Hoogle" "Payroll"
  Assets:US:BofA:Checking                         2832.14 USD
  Income:US:Hoogle:Salary                        -4615.38 USD
  Income:US:Hoogle:GroupTermLife                   -24.32 USD
  Expenses:Health:Life:GroupTermLife                24.32 USD
  Expenses:Health:Dental:Insurance                   2.90 USD
  Expenses:Health:Medical:Insurance                 27.38 USD
  Expenses:Health:Vision:Insurance                  42.30 USD
  Expenses:Taxes:Y2015:US:Medicare                 106.62 USD
  Expenses:Taxes:Y2015:US:Federal                 1062.92 USD
  Expenses:Taxes:Y2015:US:State                    365.08 USD
  Expenses:Taxes:Y2015:US:CityNYC                  174.92 USD
  Expenses:Taxes:Y2015:US:SDI                        1.12 USD
  Expenses:Taxes:Y2015:US:SocSec                     0.00 USD
  Assets:US:Federal:PreTax401k                       0.00 IRAUSD
  Assets:US:Hoogle:Vacation                             5 VACHR
  Income:US:Hoogle:Vacation                            -5 VACHR

2016-01-14 * "Hoogle" "Payroll"
  Assets:US:BofA:Checking                         1350.60 USD
  Assets:US:Vanguard:Cash                         1200.00 USD
  Income:US:Hoogle:Salary                        -4615.38 USD
  Income:US:Hoogle:GroupTermLife                   -24.32 USD
  Expenses:Health:Life:GroupTermLife                24.32 USD
  Expenses:Health:Dental:Insurance                   2.90 USD
  Expenses:Health:Medical:Insurance                 27.38 USD
  Expenses:Health:Vision:Insurance                  42.30 USD
  Expenses:Taxes:Y2016:US:Medicare                 106.62 USD
  Expenses:Taxes:Y2016:US:Federal                 1062.92 USD
  Expenses:Taxes:Y2016:US:State                    365.08 USD
  Expenses:Taxes:Y2016:US:CityNYC                  174.92 USD
  Expenses:Taxes:Y2016:US:SDI                        1.12 USD
  Expenses:Taxes:Y2016:US:SocSec                   281.54 USD
  Assets:US:Federal:PreTax401k                   -1200.00 IRAUSD
  Expenses:Taxes:Y2016:US:Federal:PreTax401k      1200.00 IRAUSD
  Assets:US:Hoogle:Vacation                             5 VACHR
  Income:US:Hoogle:Vacation                            -5 VACHR

2016-01-28 * "Hoogle" "Payroll"
  Assets:US:BofA:Checking                         1350.60 USD
  Assets:US:Vanguard:Cash                         1200.00 USD
  Income:US:Hoogle:Salary                        -4615.38 USD
  Income:US:Hoogle:GroupTermLife                   -24.32 USD
  Expenses:Health:Life:GroupTermLife                24.32 USD
  Expenses:Health:Dental:Insurance                   2.90 USD
  Expenses:Health:Medical:Insurance                 27.38 USD
  Expenses:Health:Vision:Insurance                  42.30 USD
  Expenses:Taxes:Y2016:US:Medicare                 106.62 USD
  Expenses:Taxes:Y2016:US:Federal                 1062.92 USD
  Expenses:Taxes:Y2016:US:State                    365.08 USD
  Expenses:Taxes:Y2016:US:CityNYC                  174.92 USD
  Expenses:Taxes:Y2016:US:SDI                        1.12 USD
  Expenses:Taxes:Y2016:US:SocSec                   281.54 USD
  Assets:US:Federal:PreTax401k                   -1200.00 IRAUSD
  Expenses:Taxes:Y2016:US:Federal:PreTax401k      1200.00 IRAUSD
  Assets:US:Hoogle:Vacation                             5 VACHR
  Income:US:Hoogle:Vacation                            -5 VACHR

2016-02-11 * "Hoogle" "Payroll"
  Assets:US:BofA:Checking                         1350.60 USD
  Assets:US:Vanguard:Cash                         1200.00 USD
  Income:US:Hoogle:Salary                        -4615.38 USD
  Income:US:Hoogle:GroupTermLife                   -24.32 USD
  Expenses:Health:Life:GroupTermLife                24.32 USD
  Expenses:Health:Dental:Insurance                   2.90 USD
  Expenses:Health:Medical:Insurance                 27.38 USD
  Expenses:Health:Vision:Insurance                  42.30 USD
  Expenses:Taxes:Y2016:US:Medicare                 106.62 USD
  Expenses:Taxes:Y2016:US:Federal                 1062.92 USD
  Expenses:Taxes:Y2016:US:State                    365.08 USD
  Expenses:Taxes:Y2016:US:CityNYC                  174.92 USD
  Expenses:Taxes:Y2016:US:SDI                        1.12 USD
  Expenses:Taxes:Y2016:US:SocSec                   281.54 USD
  Assets:US:Federal:PreTax401k                   -1200.00 IRAUSD
  Expenses:Taxes:Y2016:US:Federal:PreTax401k      1200.00 IRAUSD
  Assets:US:Hoogle:Vacation                             5 VACHR
  Income:US:Hoogle:Vacation                            -5 VACHR

2016-02-25 * "Hoogle" "Payroll"
  Assets:US:BofA:Checking                         1350.60 USD
  Assets:US:Vanguard:Cash                         1200.00 USD
  Income:US:Hoogle:Salary                        -4615.38 USD
  Income:US:Hoogle:GroupTermLife                   -24.32 USD
  Expenses:Health:Life:GroupTermLife                24.32 USD
  Expenses:Health:Dental:Insurance                   2.90 USD
  Expenses:Health:Medical:Insurance                 27.38 USD
  Expenses:Health:Vision:Insurance                  42.30 USD
  Expenses:Taxes:Y2016:US:Medicare                 106.62 USD
  Expenses:Taxes:Y2016:US:Federal                 1062.92 USD
  Expenses:Taxes:Y2016:US:State                    365.08 USD
  Expenses:Taxes:Y2016:US:CityNYC                  174.92 USD
  Expenses:Taxes:Y2016:US:SDI                        1.12 USD
  Expenses:Taxes:Y2016:US:SocSec                   281.54 USD
  Assets:US:Federal:PreTax401k                   -1200.00 IRAUSD
  Expenses:Taxes:Y2016:US:Federal:PreTax401k      1200.00 IRAUSD
  Assets:US:Hoogle:Vacation                             5 VACHR
  Income:US:Hoogle:Vacation                            -5 VACHR

2016-03-10 * "Hoogle" "Payroll"
  Assets:US:BofA:Checking                         1350.60 USD
  Assets:US:Vanguard:Cash                         1200.00 USD
  Income:US:Hoogle:Salary                        -4615.38 USD
  Income:US:Hoogle:GroupTermLife                   -24.32 USD
  Expenses:Health:Life:GroupTermLife                24.32 USD
  Expenses:Health:Dental:Insurance                   2.90 USD
  Expenses:Health:Medical:Insurance                 27.38 USD
  Expenses:Health:Vision:Insurance                  42.30 USD
  Expenses:Taxes:Y2016:US:Medicare                 106.62 USD
  Expenses:Taxes:Y2016:US:Federal                 1062.92 USD
  Expenses:Taxes:Y2016:US:State                    365.08 USD
  Expenses:Taxes:Y2016:US:CityNYC                  174.92 USD
  Expenses:Taxes:Y2016:US:SDI                        1.12 USD
  Expenses:Taxes:Y2016:US:SocSec                   281.54 USD
  Assets:US:Federal:PreTax401k                   -1200.00 IRAUSD
  Expenses:Taxes:Y2016:US:Federal:PreTax401k      1200.00 IRAUSD
  Assets:US:Hoogle:Vacation                             5 VACHR
  Income:US:Hoogle:Vacation                            -5 VACHR

2016-03-24 * "Hoogle" "Payroll"
  Assets:US:BofA:Checking                         1350.60 USD
  Assets:US:Vanguard:Cash                         1200.00 USD
  Income:US:Hoogle:Salary                        -4615.38 USD
  Income:US:Hoogle:GroupTermLife                   -24.32 USD
  Expenses:Health:Life:GroupTermLife                24.32 USD
  Expenses:Health:Dental:Insurance                   2.90 USD
  Expenses:Health:Medical:Insurance                 27.38 USD
  Expenses:Health:Vision:Insurance                  42.30 USD
  Expenses:Taxes:Y2016:US:Medicare                 106.62 USD
  Expenses:Taxes:Y2016:US:Federal                 1062.92 USD
  Expenses:Taxes:Y2016:US:State                    365.08 USD
  Expenses:Taxes:Y2016:US:CityNYC                  174.92 USD
  Expenses:Taxes:Y2016:US:SDI                        1.12 USD
  Expenses:Taxes:Y2016:US:SocSec                   281.54 USD
  Assets:US:Federal:PreTax401k                   -1200.00 IRAUSD
  Expenses:Taxes:Y2016:US:Federal:PreTax401k      1200.00 IRAUSD
  Assets:US:Hoogle:Vacation                             5 VACHR
  Income:US:Hoogle:Vacation                            -5 VACHR

2016-04-07 * "Hoogle" "Payroll"
  Assets:US:BofA:Checking                         1350.60 USD
  Assets:US:Vanguard:Cash                         1200.00 USD
  Income:US:Hoogle:Salary                        -4615.38 USD
  Income:US:Hoogle:GroupTermLife                   -24.32 USD
  Expenses:Health:Life:GroupTermLife                24.32 USD
  Expenses:Health:Dental:Insurance                   2.90 USD
  Expenses:Health:Medical:Insurance                 27.38 USD
  Expenses:Health:Vision:Insurance                  42.30 USD
  Expenses:Taxes:Y2016:US:Medicare                 106.62 USD
  Expenses:Taxes:Y2016:US:Federal                 1062.92 USD
  Expenses:Taxes:Y2016:US:State                    365.08 USD
  Expenses:Taxes:Y2016:US:CityNYC                  174.92 USD
  Expenses:Taxes:Y2016:US:SDI                        1.12 USD
  Expenses:Taxes:Y2016:US:SocSec                   281.54 USD
  Assets:US:Federal:PreTax401k                   -1200.00 IRAUSD
  Expenses:Taxes:Y2016:US:Federal:PreTax401k      1200.00 IRAUSD
  Assets:US:Hoogle:Vacation                             5 VACHR
  Income:US:Hoogle:Vacation                            -5 VACHR

2016-04-21 * "Hoogle" "Payroll"
  Assets:US:BofA:Checking                         1350.60 USD
  Assets:US:Vanguard:Cash                         1200.00 USD
  Income:US:Hoogle:Salary                        -4615.38 USD
  Income:US:Hoogle:GroupTermLife                   -24.32 USD
  Expenses:Health:Life:GroupTermLife                24.32 USD
  Expenses:Health:Dental:Insurance                   2.90 USD
  Expenses:Health:Medical:Insurance                 27.38 USD
  Expenses:Health:Vision:Insurance                  42.30 USD
  Expenses:Taxes:Y2016:US:Medicare                 106.62 USD
  Expenses:Taxes:Y2016:US:Federal                 1062.92 USD
  Expenses:Taxes:Y2016:US:State                    365.08 USD
  Expenses:Taxes:Y2016:US:CityNYC                  174.92 USD
  Expenses:Taxes:Y2016:US:SDI                        1.12 USD
  Expenses:Taxes:Y2016:US:SocSec                   281.54 USD
  Assets:US:Federal:PreTax401k                   -1200.00 IRAUSD
  Expenses:Taxes:Y2016:US:Federal:PreTax401k      1200.00 IRAUSD
  Assets:US:Hoogle:Vacation                             5 VACHR
  Income:US:Hoogle:Vacation                            -5 VACHR

2016-05-05 * "Hoogle" "Payroll"
  Assets:US:BofA:Checking                         1350.60 USD
  Assets:US:Vanguard:Cash                         1200.00 USD
  Income:US:Hoogle:Salary                        -4615.38 USD
  Income:US:Hoogle:GroupTermLife                   -24.32 USD
  Expenses:Health:Life:GroupTermLife                24.32 USD
  Expenses:Health:Dental:Insurance                   2.90 USD
  Expenses:Health:Medical:Insurance                 27.38 USD
  Expenses:Health:Vision:Insurance                  42.30 USD
  Expenses:Taxes:Y2016:US:Medicare                 106.62 USD
  Expenses:Taxes:Y2016:US:Federal                 1062.92 USD
  Expenses:Taxes:Y2016:US:State                    365.08 USD
  Expenses:Taxes:Y2016:US:CityNYC                  174.92 USD
  Expenses:Taxes:Y2016:US:SDI                        1.12 USD
  Expenses:Taxes:Y2016:US:SocSec                   281.54 USD
  Assets:US:Federal:PreTax401k                   -1200.00 IRAUSD
  Expenses:Taxes:Y2016:US:Federal:PreTax401k      1200.00 IRAUSD
  Assets:US:Hoogle:Vacation                             5 VACHR
  Income:US:Hoogle:Vacation                            -5 VACHR

2016-05-19 * "Hoogle" "Payroll"
  Assets:US:BofA:Checking                         1350.60 USD
  Assets:US:Vanguard:Cash                         1200.00 USD
  Income:US:Hoogle:Salary                        -4615.38 USD
  Income:US:Hoogle:GroupTermLife                   -24.32 USD
  Expenses:Health:Life:GroupTermLife                24.32 USD
  Expenses:Health:Dental:Insurance                   2.90 USD
  Expenses:Health:Medical:Insurance                 27.38 USD
  Expenses:Health:Vision:Insurance                  42.30 USD
  Expenses:Taxes:Y2016:US:Medicare                 106.62 USD
  Expenses:Taxes:Y2016:US:Federal                 1062.92 USD
  Expenses:Taxes:Y2016:US:State                    365.08 USD
  Expenses:Taxes:Y2016:US:CityNYC                  174.92 USD
  Expenses:Taxes:Y2016:US:SDI                        1.12 USD
  Expenses:Taxes:Y2016:US:SocSec                   281.54 USD
  Assets:US:Federal:PreTax401k                   -1200.00 IRAUSD
  Expenses:Taxes:Y2016:US:Federal:PreTax401k      1200.00 IRAUSD
  Assets:US:Hoogle:Vacation                             5 VACHR
  Income:US:Hoogle:Vacation                            -5 VACHR

2016-06-02 * "Hoogle" "Payroll"
  Assets:US:BofA:Checking                         1350.60 USD
  Assets:US:Vanguard:Cash                         1200.00 USD
  Income:US:Hoogle:Salary                        -4615.38 USD
  Income:US:Hoogle:GroupTermLife                   -24.32 USD
  Expenses:Health:Life:GroupTermLife                24.32 USD
  Expenses:Health:Dental:Insurance                   2.90 USD
  Expenses:Health:Medical:Insurance                 27.38 USD
  Expenses:Health:Vision:Insurance                  42.30 USD
  Expenses:Taxes:Y2016:US:Medicare                 106.62 USD
  Expenses:Taxes:Y2016:US:Federal                 1062.92 USD
  Expenses:Taxes:Y2016:US:State                    365.08 USD
  Expenses:Taxes:Y2016:US:CityNYC                  174.92 USD
  Expenses:Taxes:Y2016:US:SDI                        1.12 USD
  Expenses:Taxes:Y2016:US:SocSec                   281.54 USD
  Assets:US:Federal:PreTax401k                   -1200.00 IRAUSD
  Expenses:Taxes:Y2016:US:Federal:PreTax401k      1200.00 IRAUSD
  Assets:US:Hoogle:Vacation                             5 VACHR
  Income:US:Hoogle:Vacation                            -5 VACHR

2016-06-16 * "Hoogle" "Payroll"
  Assets:US:BofA:Checking                         1350.60 USD
  Assets:US:Vanguard:Cash                         1200.00 USD
  Income:US:Hoogle:Salary                        -4615.38 USD
  Income:US:Hoogle:GroupTermLife                   -24.32 USD
  Expenses:Health:Life:GroupTermLife                24.32 USD
  Expenses:Health:Dental:Insurance                   2.90 USD
  Expenses:Health:Medical:Insurance                 27.38 USD
  Expenses:Health:Vision:Insurance                  42.30 USD
  Expenses:Taxes:Y2016:US:Medicare                 106.62 USD
  Expenses:Taxes:Y2016:US:Federal                 1062.92 USD
  Expenses:Taxes:Y2016:US:State                    365.08 USD
  Expenses:Taxes:Y2016:US:CityNYC                  174.92 USD
  Expenses:Taxes:Y2016:US:SDI                        1.12 USD
  Expenses:Taxes:Y2016:US:SocSec                   281.54 USD
  Assets:US:Federal:PreTax401k                   -1200.00 IRAUSD
  Expenses:Taxes:Y2016:US:Federal:PreTax401k      1200.00 IRAUSD
  Assets:US:Hoogle:Vacation                             5 VACHR
  Income:US:Hoogle:Vacation                            -5 VACHR

2016-06-30 * "Hoogle" "Payroll"
  Assets:US:BofA:Checking                         1350.60 USD
  Assets:US:Vanguard:Cash                         1200.00 USD
  Income:US:Hoogle:Salary                        -4615.38 USD
  Income:US:Hoogle:GroupTermLife                   -24.32 USD
  Expenses:Health:Life:GroupTermLife                24.32 USD
  Expenses:Health:Dental:Insurance                   2.90 USD
  Expenses:Health:Medical:Insurance                 27.38 USD
  Expenses:Health:Vision:Insurance                  42.30 USD
  Expenses:Taxes:Y2016:US:Medicare                 106.62 USD
  Expenses:Taxes:Y2016:US:Federal                 1062.92 USD
  Expenses:Taxes:Y2016:US:State                    365.08 USD
  Expenses:Taxes:Y2016:US:CityNYC                  174.92 USD
  Expenses:Taxes:Y2016:US:SDI                        1.12 USD
  Expenses:Taxes:Y2016:US:SocSec                   281.54 USD
  Assets:US:Federal:PreTax401k                   -1200.00 IRAUSD
  Expenses:Taxes:Y2016:US:Federal:PreTax401k      1200.00 IRAUSD
  Assets:US:Hoogle:Vacation                             5 VACHR
  Income:US:Hoogle:Vacation                            -5 VACHR

2016-07-14 * "Hoogle" "Payroll"
  Assets:US:BofA:Checking                         1350.60 USD
  Assets:US:Vanguard:Cash                         1200.00 USD
  Income:US:Hoogle:Salary                        -4615.38 USD
  Income:US:Hoogle:GroupTermLife                   -24.32 USD
  Expenses:Health:Life:GroupTermLife                24.32 USD
  Expenses:Health:Dental:Insurance                   2.90 USD
  Expenses:Health:Medical:Insurance                 27.38 USD
  Expenses:Health:Vision:Insurance                  42.30 USD
  Expenses:Taxes:Y2016:US:Medicare                 106.62 USD
  Expenses:Taxes:Y2016:US:Federal                 1062.92 USD
  Expenses:Taxes:Y2016:US:State                    365.08 USD
  Expenses:Taxes:Y2016:US:CityNYC                  174.92 USD
  Expenses:Taxes:Y2016:US:SDI                        1.12 USD
  Expenses:Taxes:Y2016:US:SocSec                   281.54 USD
  Assets:US:Federal:PreTax401k                   -1200.00 IRAUSD
  Expenses:Taxes:Y2016:US:Federal:PreTax401k      1200.00 IRAUSD
  Assets:US:Hoogle:Vacation                             5 VACHR
  Income:US:Hoogle:Vacation                            -5 VACHR

2016-07-28 * "Hoogle" "Payroll"
  Assets:US:BofA:Checking                         1350.60 USD
  Assets:US:Vanguard:Cash                         1200.00 USD
  Income:US:Hoogle:Salary                        -4615.38 USD
  Income:US:Hoogle:GroupTermLife                   -24.32 USD
  Expenses:Health:Life:GroupTermLife                24.32 USD
  Expenses:Health:Dental:Insurance                   2.90 USD
  Expenses:Health:Medical:Insurance                 27.38 USD
  Expenses:Health:Vision:Insurance                  42.30 USD
  Expenses:Taxes:Y2016:US:Medicare                 106.62 USD
  Expenses:Taxes:Y2016:US:Federal                 1062.92 USD
  Expenses:Taxes:Y2016:US:State                    365.08 USD
  Expenses:Taxes:Y2016:US:CityNYC                  174.92 USD
  Expenses:Taxes:Y2016:US:SDI                        1.12 USD
  Expenses:Taxes:Y2016:US:SocSec                   281.54 USD
  Assets:US:Federal:PreTax401k                   -1200.00 IRAUSD
  Expenses:Taxes:Y2016:US:Federal:PreTax401k      1200.00 IRAUSD
  Assets:US:Hoogle:Vacation                             5 VACHR
  Income:US:Hoogle:Vacation                            -5 VACHR

2016-08-11 * "Hoogle" "Payroll"
  Assets:US:BofA:Checking                         2550.60 USD
  Income:US:Hoogle:Salary                        -4615.38 USD
  Income:US:Hoogle:GroupTermLife                   -24.32 USD
  Expenses:Health:Life:GroupTermLife                24.32 USD
  Expenses:Health:Dental:Insurance                   2.90 USD
  Expenses:Health:Medical:Insurance                 27.38 USD
  Expenses:Health:Vision:Insurance                  42.30 USD
  Expenses:Taxes:Y2016:US:Medicare                 106.62 USD
  Expenses:Taxes:Y2016:US:Federal                 1062.92 USD
  Expenses:Taxes:Y2016:US:State                    365.08 USD
  Expenses:Taxes:Y2016:US:CityNYC                  174.92 USD
  Expenses:Taxes:Y2016:US:SDI                        1.12 USD
  Expenses:Taxes:Y2016:US:SocSec                   281.54 USD
  Assets:US:Federal:PreTax401k                       0.00 IRAUSD
  Assets:US:Hoogle:Vacation                             5 VACHR
  Income:US:Hoogle:Vacation                            -5 VACHR

2016-08-25 * "Hoogle" "Payroll"
  Assets:US:BofA:Checking                         2550.60 USD
  Income:US:Hoogle:Salary                        -4615.38 USD
  Income:US:Hoogle:GroupTermLife                   -24.32 USD
  Expenses:Health:Life:GroupTermLife                24.32 USD
  Expenses:Health:Dental:Insurance                   2.90 USD
  Expenses:Health:Medical:Insurance                 27.38 USD
  Expenses:Health:Vision:Insurance                  42.30 USD
  Expenses:Taxes:Y2016:US:Medicare                 106.62 USD
  Expenses:Taxes:Y2016:US:Federal                 1062.92 USD
  Expenses:Taxes:Y2016:US:State                    365.08 USD
  Expenses:Taxes:Y2016:US:CityNYC                  174.92 USD
  Expenses:Taxes:Y2016:US:SDI                        1.12 USD
  Expenses:Taxes:Y2016:US:SocSec                   281.54 USD
  Assets:US:Federal:PreTax401k                       0.00 IRAUSD
  Assets:US:Hoogle:Vacation                             5 VACHR
  Income:US:Hoogle:Vacation                            -5 VACHR

2016-09-08 * "Hoogle" "Payroll"
  Assets:US:BofA:Checking                         2550.60 USD
  Income:US:Hoogle:Salary                        -4615.38 USD
  Income:US:Hoogle:GroupTermLife                   -24.32 USD
  Expenses:Health:Life:GroupTermLife                24.32 USD
  Expenses:Health:Dental:Insurance                   2.90 USD
  Expenses:Health:Medical:Insurance                 27.38 USD
  Expenses:Health:Vision:Insurance                  42.30 USD
  Expenses:Taxes:Y2016:US:Medicare                 106.62 USD
  Expenses:Taxes:Y2016:US:Federal                 1062.92 USD
  Expenses:Taxes:Y2016:US:State                    365.08 USD
  Expenses:Taxes:Y2016:US:CityNYC                  174.92 USD
  Expenses:Taxes:Y2016:US:SDI                        1.12 USD
  Expenses:Taxes:Y2016:US:SocSec                   281.54 USD
  Assets:US:Federal:PreTax401k                       0.00 IRAUSD
  Assets:US:Hoogle:Vacation                             5 VACHR
  Income:US:Hoogle:Vacation                            -5 VACHR

2016-09-22 * "Hoogle" "Payroll"
  Assets:US:BofA:Checking                         2550.60 USD
  Income:US:Hoogle:Salary                        -4615.38 USD
  Income:US:Hoogle:GroupTermLife                   -24.32 USD
  Expenses:Health:Life:GroupTermLife                24.32 USD
  Expenses:Health:Dental:Insurance                   2.90 USD
  Expenses:Health:Medical:Insurance                 27.38 USD
  Expenses:Health:Vision:Insurance                  42.30 USD
  Expenses:Taxes:Y2016:US:Medicare                 106.62 USD
  Expenses:Taxes:Y2016:US:Federal                 1062.92 USD
  Expenses:Taxes:Y2016:US:State                    365.08 USD
  Expenses:Taxes:Y2016:US:CityNYC                  174.92 USD
  Expenses:Taxes:Y2016:US:SDI                        1.12 USD
  Expenses:Taxes:Y2016:US:SocSec                   281.54 USD
  Assets:US:Federal:PreTax401k                       0.00 IRAUSD
  Assets:US:Hoogle:Vacation                             5 VACHR
  Income:US:Hoogle:Vacation                            -5 VACHR

2016-10-06 * "Hoogle" "Payroll"
  Assets:US:BofA:Checking                         2550.60 USD
  Income:US:Hoogle:Salary                        -4615.38 USD
  Income:US:Hoogle:GroupTermLife                   -24.32 USD
  Expenses:Health:Life:GroupTermLife                24.32 USD
  Expenses:Health:Dental:Insurance                   2.90 USD
  Expenses:Health:Medical:Insurance                 27.38 USD
  Expenses:Health:Vision:Insurance                  42.30 USD
  Expenses:Taxes:Y2016:US:Medicare                 106.62 USD
  Expenses:Taxes:Y2016:US:Federal                 1062.92 USD
  Expenses:Taxes:Y2016:US:State                    365.08 USD
  Expenses:Taxes:Y2016:US:CityNYC                  174.92 USD
  Expenses:Taxes:Y2016:US:SDI                        1.12 USD
  Expenses:Taxes:Y2016:US:SocSec                   281.54 USD
  Assets:US:Federal:PreTax401k                       0.00 IRAUSD
  Assets:US:Hoogle:Vacation                             5 VACHR
  Income:US:Hoogle:Vacation                            -5 VACHR

2016-10-20 * "Hoogle" "Payroll"
  Assets:US:BofA:Checking                         2550.60 USD
  Income:US:Hoogle:Salary                        -4615.38 USD
  Income:US:Hoogle:GroupTermLife                   -24.32 USD
  Expenses:Health:Life:GroupTermLife                24.32 USD
  Expenses:Health:Dental:Insurance                   2.90 USD
  Expenses:Health:Medical:Insurance                 27.38 USD
  Expenses:Health:Vision:Insurance                  42.30 USD
  Expenses:Taxes:Y2016:US:Medicare                 106.62 USD
  Expenses:Taxes:Y2016:US:Federal                 1062.92 USD
  Expenses:Taxes:Y2016:US:State                    365.08 USD
  Expenses:Taxes:Y2016:US:CityNYC                  174.92 USD
  Expenses:Taxes:Y2016:US:SDI                        1.12 USD
  Expenses:Taxes:Y2016:US:SocSec                   281.54 USD
  Assets:US:Federal:PreTax401k                       0.00 IRAUSD
  Assets:US:Hoogle:Vacation                             5 VACHR
  Income:US:Hoogle:Vacation                            -5 VACHR

2016-11-03 * "Hoogle" "Payroll"
  Assets:US:BofA:Checking                         2550.60 USD
  Income:US:Hoogle:Salary                        -4615.38 USD
  Income:US:Hoogle:GroupTermLife                   -24.32 USD
  Expenses:Health:Life:GroupTermLife                24.32 USD
  Expenses:Health:Dental:Insurance                   2.90 USD
  Expenses:Health:Medical:Insurance                 27.38 USD
  Expenses:Health:Vision:Insurance                  42.30 USD
  Expenses:Taxes:Y2016:US:Medicare                 106.62 USD
  Expenses:Taxes:Y2016:US:Federal                 1062.92 USD
  Expenses:Taxes:Y2016:US:State                    365.08 USD
  Expenses:Taxes:Y2016:US:CityNYC                  174.92 USD
  Expenses:Taxes:Y2016:US:SDI                        1.12 USD
  Expenses:Taxes:Y2016:US:SocSec                   281.54 USD
  Assets:US:Federal:PreTax401k                       0.00 IRAUSD
  Assets:US:Hoogle:Vacation                             5 VACHR
  Income:US:Hoogle:Vacation                            -5 VACHR

2016-11-17 * "Hoogle" "Payroll"
  Assets:US:BofA:Checking                         2550.60 USD
  Income:US:Hoogle:Salary                        -4615.38 USD
  Income:US:Hoogle:GroupTermLife                   -24.32 USD
  Expenses:Health:Life:GroupTermLife                24.32 USD
  Expenses:Health:Dental:Insurance                   2.90 USD
  Expenses:Health:Medical:Insurance                 27.38 USD
  Expenses:Health:Vision:Insurance                  42.30 USD
  Expenses:Taxes:Y2016:US:Medicare                 106.62 USD
  Expenses:Taxes:Y2016:US:Federal                 1062.92 USD
  Expenses:Taxes:Y2016:US:State                    365.08 USD
  Expenses:Taxes:Y2016:US:CityNYC                  174.92 USD
  Expenses:Taxes:Y2016:US:SDI                        1.12 USD
  Expenses:Taxes:Y2016:US:SocSec                   281.54 USD
  Assets:US:Federal:PreTax401k                       0.00 IRAUSD
  Assets:US:Hoogle:Vacation                             5 VACHR
  Income:US:Hoogle:Vacation                            -5 VACHR

2016-12-01 * "Hoogle" "Payroll"
  Assets:US:BofA:Checking                         2550.60 USD
  Income:US:Hoogle:Salary                        -4615.38 USD
  Income:US:Hoogle:GroupTermLife                   -24.32 USD
  Expenses:Health:Life:GroupTermLife                24.32 USD
  Expenses:Health:Dental:Insurance                   2.90 USD
  Expenses:Health:Medical:Insurance                 27.38 USD
  Expenses:Health:Vision:Insurance                  42.30 USD
  Expenses:Taxes:Y2016:US:Medicare                 106.62 USD
  Expenses:Taxes:Y2016:US:Federal                 1062.92 USD
  Expenses:Taxes:Y2016:US:State                    365.08 USD
  Expenses:Taxes:Y2016:US:CityNYC                  174.92 USD
  Expenses:Taxes:Y2016:US:SDI                        1.12 USD
  Expenses:Taxes:Y2016:US:SocSec                   281.54 USD
  Assets:US:Federal:PreTax401k                       0.00 IRAUSD
  Assets:US:Hoogle:Vacation                             5 VACHR
  Income:US:Hoogle:Vacation                            -5 VACHR

2016-12-15 * "Hoogle" "Payroll"
  Assets:US:BofA:Checking                         2589.06 USD
  Income:US:Hoogle:Salary                        -4615.38 USD
  Income:US:Hoogle:GroupTermLife                   -24.32 USD
  Expenses:Health:Life:GroupTermLife                24.32 USD
  Expenses:Health:Dental:Insurance                   2.90 USD
  Expenses:Health:Medical:Insurance                 27.38 USD
  Expenses:Health:Vision:Insurance                  42.30 USD
  Expenses:Taxes:Y2016:US:Medicare                 106.62 USD
  Expenses:Taxes:Y2016:US:Federal                 1062.92 USD
  Expenses:Taxes:Y2016:US:State                    365.08 USD
  Expenses:Taxes:Y2016:US:CityNYC                  174.92 USD
  Expenses:Taxes:Y2016:US:SDI                        1.12 USD
  Expenses:Taxes:Y2016:US:SocSec                   243.08 USD
  Assets:US:Federal:PreTax401k                       0.00 IRAUSD
  Assets:US:Hoogle:Vacation                             5 VACHR
  Income:US:Hoogle:Vacation                            -5 VACHR

2016-12-29 * "Hoogle" "Payroll"
  Assets:US:BofA:Checking                         2832.14 USD
  Income:US:Hoogle:Salary                        -4615.38 USD
  Income:US:Hoogle:GroupTermLife                   -24.32 USD
  Expenses:Health:Life:GroupTermLife                24.32 USD
  Expenses:Health:Dental:Insurance                   2.90 USD
  Expenses:Health:Medical:Insurance                 27.38 USD
  Expenses:Health:Vision:Insurance                  42.30 USD
  Expenses:Taxes:Y2016:US:Medicare                 106.62 USD
  Expenses:Taxes:Y2016:US:Federal                 1062.92 USD
  Expenses:Taxes:Y2016:US:State                    365.08 USD
  Expenses:Taxes:Y2016:US:CityNYC                  174.92 USD
  Expenses:Taxes:Y2016:US:SDI                        1.12 USD
  Expenses:Taxes:Y2016:US:SocSec                     0.00 USD
  Assets:US:Federal:PreTax401k                       0.00 IRAUSD
  Assets:US:Hoogle:Vacation                             5 VACHR
  Income:US:Hoogle:Vacation                            -5 VACHR

2017-01-12 * "Hoogle" "Payroll"
  Assets:US:BofA:Checking                         1350.60 USD
  Assets:US:Vanguard:Cash                         1200.00 USD
  Income:US:Hoogle:Salary                        -4615.38 USD
  Income:US:Hoogle:GroupTermLife                   -24.32 USD
  Expenses:Health:Life:GroupTermLife                24.32 USD
  Expenses:Health:Dental:Insurance                   2.90 USD
  Expenses:Health:Medical:Insurance                 27.38 USD
  Expenses:Health:Vision:Insurance                  42.30 USD
  Expenses:Taxes:Y2017:US:Medicare                 106.62 USD
  Expenses:Taxes:Y2017:US:Federal                 1062.92 USD
  Expenses:Taxes:Y2017:US:State                    365.08 USD
  Expenses:Taxes:Y2017:US:CityNYC                  174.92 USD
  Expenses:Taxes:Y2017:US:SDI                        1.12 USD
  Expenses:Taxes:Y2017:US:SocSec                   281.54 USD
  Assets:US:Federal:PreTax401k                   -1200.00 IRAUSD
  Expenses:Taxes:Y2017:US:Federal:PreTax401k      1200.00 IRAUSD
  Assets:US:Hoogle:Vacation                             5 VACHR
  Income:US:Hoogle:Vacation                            -5 VACHR

2017-01-26 * "Hoogle" "Payroll"
  Assets:US:BofA:Checking                         1350.60 USD
  Assets:US:Vanguard:Cash                         1200.00 USD
  Income:US:Hoogle:Salary                        -4615.38 USD
  Income:US:Hoogle:GroupTermLife                   -24.32 USD
  Expenses:Health:Life:GroupTermLife                24.32 USD
  Expenses:Health:Dental:Insurance                   2.90 USD
  Expenses:Health:Medical:Insurance                 27.38 USD
  Expenses:Health:Vision:Insurance                  42.30 USD
  Expenses:Taxes:Y2017:US:Medicare                 106.62 USD
  Expenses:Taxes:Y2017:US:Federal                 1062.92 USD
  Expenses:Taxes:Y2017:US:State                    365.08 USD
  Expenses:Taxes:Y2017:US:CityNYC                  174.92 USD
  Expenses:Taxes:Y2017:US:SDI                        1.12 USD
  Expenses:Taxes:Y2017:US:SocSec                   281.54 USD
  Assets:US:Federal:PreTax401k                   -1200.00 IRAUSD
  Expenses:Taxes:Y2017:US:Federal:PreTax401k      1200.00 IRAUSD
  Assets:US:Hoogle:Vacation                             5 VACHR
  Income:US:Hoogle:Vacation                            -5 VACHR

2017-02-09 * "Hoogle" "Payroll"
  Assets:US:BofA:Checking                         1350.60 USD
  Assets:US:Vanguard:Cash                         1200.00 USD
  Income:US:Hoogle:Salary                        -4615.38 USD
  Income:US:Hoogle:GroupTermLife                   -24.32 USD
  Expenses:Health:Life:GroupTermLife                24.32 USD
  Expenses:Health:Dental:Insurance                   2.90 USD
  Expenses:Health:Medical:Insurance                 27.38 USD
  Expenses:Health:Vision:Insurance                  42.30 USD
  Expenses:Taxes:Y2017:US:Medicare                 106.62 USD
  Expenses:Taxes:Y2017:US:Federal                 1062.92 USD
  Expenses:Taxes:Y2017:US:State                    365.08 USD
  Expenses:Taxes:Y2017:US:CityNYC                  174.92 USD
  Expenses:Taxes:Y2017:US:SDI                        1.12 USD
  Expenses:Taxes:Y2017:US:SocSec                   281.54 USD
  Assets:US:Federal:PreTax401k                   -1200.00 IRAUSD
  Expenses:Taxes:Y2017:US:Federal:PreTax401k      1200.00 IRAUSD
  Assets:US:Hoogle:Vacation                             5 VACHR
  Income:US:Hoogle:Vacation                            -5 VACHR

2017-02-23 * "Hoogle" "Payroll"
  Assets:US:BofA:Checking                         1350.60 USD
  Assets:US:Vanguard:Cash                         1200.00 USD
  Income:US:Hoogle:Salary                        -4615.38 USD
  Income:US:Hoogle:GroupTermLife                   -24.32 USD
  Expenses:Health:Life:GroupTermLife                24.32 USD
  Expenses:Health:Dental:Insurance                   2.90 USD
  Expenses:Health:Medical:Insurance                 27.38 USD
  Expenses:Health:Vision:Insurance                  42.30 USD
  Expenses:Taxes:Y2017:US:Medicare                 106.62 USD
  Expenses:Taxes:Y2017:US:Federal                 1062.92 USD
  Expenses:Taxes:Y2017:US:State                    365.08 USD
  Expenses:Taxes:Y2017:US:CityNYC                  174.92 USD
  Expenses:Taxes:Y2017:US:SDI                        1.12 USD
  Expenses:Taxes:Y2017:US:SocSec                   281.54 USD
  Assets:US:Federal:PreTax401k                   -1200.00 IRAUSD
  Expenses:Taxes:Y2017:US:Federal:PreTax401k      1200.00 IRAUSD
  Assets:US:Hoogle:Vacation                             5 VACHR
  Income:US:Hoogle:Vacation                            -5 VACHR

2017-03-09 * "Hoogle" "Payroll"
  Assets:US:BofA:Checking                         1350.60 USD
  Assets:US:Vanguard:Cash                         1200.00 USD
  Income:US:Hoogle:Salary                        -4615.38 USD
  Income:US:Hoogle:GroupTermLife                   -24.32 USD
  Expenses:Health:Life:GroupTermLife                24.32 USD
  Expenses:Health:Dental:Insurance                   2.90 USD
  Expenses:Health:Medical:Insurance                 27.38 USD
  Expenses:Health:Vision:Insurance                  42.30 USD
  Expenses:Taxes:Y2017:US:Medicare                 106.62 USD
  Expenses:Taxes:Y2017:US:Federal                 1062.92 USD
  Expenses:Taxes:Y2017:US:State                    365.08 USD
  Expenses:Taxes:Y2017:US:CityNYC                  174.92 USD
  Expenses:Taxes:Y2017:US:SDI                        1.12 USD
  Expenses:Taxes:Y2017:US:SocSec                   281.54 USD
  Assets:US:Federal:PreTax401k                   -1200.00 IRAUSD
  Expenses:Taxes:Y2017:US:Federal:PreTax401k      1200.00 IRAUSD
  Assets:US:Hoogle:Vacation                             5 VACHR
  Income:US:Hoogle:Vacation                            -5 VACHR

2017-03-23 * "Hoogle" "Payroll"
  Assets:US:BofA:Checking                         1350.60 USD
  Assets:US:Vanguard:Cash                         1200.00 USD
  Income:US:Hoogle:Salary                        -4615.38 USD
  Income:US:Hoogle:GroupTermLife                   -24.32 USD
  Expenses:Health:Life:GroupTermLife                24.32 USD
  Expenses:Health:Dental:Insurance                   2.90 USD
  Expenses:Health:Medical:Insurance                 27.38 USD
  Expenses:Health:Vision:Insurance                  42.30 USD
  Expenses:Taxes:Y2017:US:Medicare                 106.62 USD
  Expenses:Taxes:Y2017:US:Federal                 1062.92 USD
  Expenses:Taxes:Y2017:US:State                    365.08 USD
  Expenses:Taxes:Y2017:US:CityNYC                  174.92 USD
  Expenses:Taxes:Y2017:US:SDI                        1.12 USD
  Expenses:Taxes:Y2017:US:SocSec                   281.54 USD
  Assets:US:Federal:PreTax401k                   -1200.00 IRAUSD
  Expenses:Taxes:Y2017:US:Federal:PreTax401k      1200.00 IRAUSD
  Assets:US:Hoogle:Vacation                             5 VACHR
  Income:US:Hoogle:Vacation                            -5 VACHR

2017-04-06 * "Hoogle" "Payroll"
  Assets:US:BofA:Checking                         1350.60 USD
  Assets:US:Vanguard:Cash                         1200.00 USD
  Income:US:Hoogle:Salary                        -4615.38 USD
  Income:US:Hoogle:GroupTermLife                   -24.32 USD
  Expenses:Health:Life:GroupTermLife                24.32 USD
  Expenses:Health:Dental:Insurance                   2.90 USD
  Expenses:Health:Medical:Insurance                 27.38 USD
  Expenses:Health:Vision:Insurance                  42.30 USD
  Expenses:Taxes:Y2017:US:Medicare                 106.62 USD
  Expenses:Taxes:Y2017:US:Federal                 1062.92 USD
  Expenses:Taxes:Y2017:US:State                    365.08 USD
  Expenses:Taxes:Y2017:US:CityNYC                  174.92 USD
  Expenses:Taxes:Y2017:US:SDI                        1.12 USD
  Expenses:Taxes:Y2017:US:SocSec                   281.54 USD
  Assets:US:Federal:PreTax401k                   -1200.00 IRAUSD
  Expenses:Taxes:Y2017:US:Federal:PreTax401k      1200.00 IRAUSD
  Assets:US:Hoogle:Vacation                             5 VACHR
  Income:US:Hoogle:Vacation                            -5 VACHR

2017-04-20 * "Hoogle" "Payroll"
  Assets:US:BofA:Checking                         1350.60 USD
  Assets:US:Vanguard:Cash                         1200.00 USD
  Income:US:Hoogle:Salary                        -4615.38 USD
  Income:US:Hoogle:GroupTermLife                   -24.32 USD
  Expenses:Health:Life:GroupTermLife                24.32 USD
  Expenses:Health:Dental:Insurance                   2.90 USD
  Expenses:Health:Medical:Insurance                 27.38 USD
  Expenses:Health:Vision:Insurance                  42.30 USD
  Expenses:Taxes:Y2017:US:Medicare                 106.62 USD
  Expenses:Taxes:Y2017:US:Federal                 1062.92 USD
  Expenses:Taxes:Y2017:US:State                    365.08 USD
  Expenses:Taxes:Y2017:US:CityNYC                  174.92 USD
  Expenses:Taxes:Y2017:US:SDI                        1.12 USD
  Expenses:Taxes:Y2017:US:SocSec                   281.54 USD
  Assets:US:Federal:PreTax401k                   -1200.00 IRAUSD
  Expenses:Taxes:Y2017:US:Federal:PreTax401k      1200.00 IRAUSD
  Assets:US:Hoogle:Vacation                             5 VACHR
  Income:US:Hoogle:Vacation                            -5 VACHR

2017-05-04 * "Hoogle" "Payroll"
  Assets:US:BofA:Checking                         1350.60 USD
  Assets:US:Vanguard:Cash                         1200.00 USD
  Income:US:Hoogle:Salary                        -4615.38 USD
  Income:US:Hoogle:GroupTermLife                   -24.32 USD
  Expenses:Health:Life:GroupTermLife                24.32 USD
  Expenses:Health:Dental:Insurance                   2.90 USD
  Expenses:Health:Medical:Insurance                 27.38 USD
  Expenses:Health:Vision:Insurance                  42.30 USD
  Expenses:Taxes:Y2017:US:Medicare                 106.62 USD
  Expenses:Taxes:Y2017:US:Federal                 1062.92 USD
  Expenses:Taxes:Y2017:US:State                    365.08 USD
  Expenses:Taxes:Y2017:US:CityNYC                  174.92 USD
  Expenses:Taxes:Y2017:US:SDI                        1.12 USD
  Expenses:Taxes:Y2017:US:SocSec                   281.54 USD
  Assets:US:Federal:PreTax401k                   -1200.00 IRAUSD
  Expenses:Taxes:Y2017:US:Federal:PreTax401k      1200.00 IRAUSD
  Assets:US:Hoogle:Vacation                             5 VACHR
  Income:US:Hoogle:Vacation                            -5 VACHR

2017-05-18 * "Hoogle" "Payroll"
  Assets:US:BofA:Checking                         1350.60 USD
  Assets:US:Vanguard:Cash                         1200.00 USD
  Income:US:Hoogle:Salary                        -4615.38 USD
  Income:US:Hoogle:GroupTermLife                   -24.32 USD
  Expenses:Health:Life:GroupTermLife                24.32 USD
  Expenses:Health:Dental:Insurance                   2.90 USD
  Expenses:Health:Medical:Insurance                 27.38 USD
  Expenses:Health:Vision:Insurance                  42.30 USD
  Expenses:Taxes:Y2017:US:Medicare                 106.62 USD
  Expenses:Taxes:Y2017:US:Federal                 1062.92 USD
  Expenses:Taxes:Y2017:US:State                    365.08 USD
  Expenses:Taxes:Y2017:US:CityNYC                  174.92 USD
  Expenses:Taxes:Y2017:US:SDI                        1.12 USD
  Expenses:Taxes:Y2017:US:SocSec                   281.54 USD
  Assets:US:Federal:PreTax401k                   -1200.00 IRAUSD
  Expenses:Taxes:Y2017:US:Federal:PreTax401k      1200.00 IRAUSD
  Assets:US:Hoogle:Vacation                             5 VACHR
  Income:US:Hoogle:Vacation                            -5 VACHR

2017-06-01 * "Hoogle" "Payroll"
  Assets:US:BofA:Checking                         1350.60 USD
  Assets:US:Vanguard:Cash                         1200.00 USD
  Income:US:Hoogle:Salary                        -4615.38 USD
  Income:US:Hoogle:GroupTermLife                   -24.32 USD
  Expenses:Health:Life:GroupTermLife                24.32 USD
  Expenses:Health:Dental:Insurance                   2.90 USD
  Expenses:Health:Medical:Insurance                 27.38 USD
  Expenses:Health:Vision:Insurance                  42.30 USD
  Expenses:Taxes:Y2017:US:Medicare                 106.62 USD
  Expenses:Taxes:Y2017:US:Federal                 1062.92 USD
  Expenses:Taxes:Y2017:US:State                    365.08 USD
  Expenses:Taxes:Y2017:US:CityNYC                  174.92 USD
  Expenses:Taxes:Y2017:US:SDI                        1.12 USD
  Expenses:Taxes:Y2017:US:SocSec                   281.54 USD
  Assets:US:Federal:PreTax401k                   -1200.00 IRAUSD
  Expenses:Taxes:Y2017:US:Federal:PreTax401k      1200.00 IRAUSD
  Assets:US:Hoogle:Vacation                             5 VACHR
  Income:US:Hoogle:Vacation                            -5 VACHR

2017-06-15 * "Hoogle" "Payroll"
  Assets:US:BofA:Checking                         1350.60 USD
  Assets:US:Vanguard:Cash                         1200.00 USD
  Income:US:Hoogle:Salary                        -4615.38 USD
  Income:US:Hoogle:GroupTermLife                   -24.32 USD
  Expenses:Health:Life:GroupTermLife                24.32 USD
  Expenses:Health:Dental:Insurance                   2.90 USD
  Expenses:Health:Medical:Insurance                 27.38 USD
  Expenses:Health:Vision:Insurance                  42.30 USD
  Expenses:Taxes:Y2017:US:Medicare                 106.62 USD
  Expenses:Taxes:Y2017:US:Federal                 1062.92 USD
  Expenses:Taxes:Y2017:US:State                    365.08 USD
  Expenses:Taxes:Y2017:US:CityNYC                  174.92 USD
  Expenses:Taxes:Y2017:US:SDI                        1.12 USD
  Expenses:Taxes:Y2017:US:SocSec                   281.54 USD
  Assets:US:Federal:PreTax401k                   -1200.00 IRAUSD
  Expenses:Taxes:Y2017:US:Federal:PreTax401k      1200.00 IRAUSD
  Assets:US:Hoogle:Vacation                             5 VACHR
  Income:US:Hoogle:Vacation                            -5 VACHR

2017-06-29 * "Hoogle" "Payroll"
  Assets:US:BofA:Checking                         1350.60 USD
  Assets:US:Vanguard:Cash                         1200.00 USD
  Income:US:Hoogle:Salary                        -4615.38 USD
  Income:US:Hoogle:GroupTermLife                   -24.32 USD
  Expenses:Health:Life:GroupTermLife                24.32 USD
  Expenses:Health:Dental:Insurance                   2.90 USD
  Expenses:Health:Medical:Insurance                 27.38 USD
  Expenses:Health:Vision:Insurance                  42.30 USD
  Expenses:Taxes:Y2017:US:Medicare                 106.62 USD
  Expenses:Taxes:Y2017:US:Federal                 1062.92 USD
  Expenses:Taxes:Y2017:US:State                    365.08 USD
  Expenses:Taxes:Y2017:US:CityNYC                  174.92 USD
  Expenses:Taxes:Y2017:US:SDI                        1.12 USD
  Expenses:Taxes:Y2017:US:SocSec                   281.54 USD
  Assets:US:Federal:PreTax401k                   -1200.00 IRAUSD
  Expenses:Taxes:Y2017:US:Federal:PreTax401k      1200.00 IRAUSD
  Assets:US:Hoogle:Vacation                             5 VACHR
  Income:US:Hoogle:Vacation                            -5 VACHR

2017-07-13 * "Hoogle" "Payroll"
  Assets:US:BofA:Checking                         1350.60 USD
  Assets:US:Vanguard:Cash                         1200.00 USD
  Income:US:Hoogle:Salary                        -4615.38 USD
  Income:US:Hoogle:GroupTermLife                   -24.32 USD
  Expenses:Health:Life:GroupTermLife                24.32 USD
  Expenses:Health:Dental:Insurance                   2.90 USD
  Expenses:Health:Medical:Insurance                 27.38 USD
  Expenses:Health:Vision:Insurance                  42.30 USD
  Expenses:Taxes:Y2017:US:Medicare                 106.62 USD
  Expenses:Taxes:Y2017:US:Federal                 1062.92 USD
  Expenses:Taxes:Y2017:US:State                    365.08 USD
  Expenses:Taxes:Y2017:US:CityNYC                  174.92 USD
  Expenses:Taxes:Y2017:US:SDI                        1.12 USD
  Expenses:Taxes:Y2017:US:SocSec                   281.54 USD
  Assets:US:Federal:PreTax401k                   -1200.00 IRAUSD
  Expenses:Taxes:Y2017:US:Federal:PreTax401k      1200.00 IRAUSD
  Assets:US:Hoogle:Vacation                             5 VACHR
  Income:US:Hoogle:Vacation                            -5 VACHR

2017-07-27 * "Hoogle" "Payroll"
  Assets:US:BofA:Checking                         1350.60 USD
  Assets:US:Vanguard:Cash                         1200.00 USD
  Income:US:Hoogle:Salary                        -4615.38 USD
  Income:US:Hoogle:GroupTermLife                   -24.32 USD
  Expenses:Health:Life:GroupTermLife                24.32 USD
  Expenses:Health:Dental:Insurance                   2.90 USD
  Expenses:Health:Medical:Insurance                 27.38 USD
  Expenses:Health:Vision:Insurance                  42.30 USD
  Expenses:Taxes:Y2017:US:Medicare                 106.62 USD
  Expenses:Taxes:Y2017:US:Federal                 1062.92 USD
  Expenses:Taxes:Y2017:US:State                    365.08 USD
  Expenses:Taxes:Y2017:US:CityNYC                  174.92 USD
  Expenses:Taxes:Y2017:US:SDI                        1.12 USD
  Expenses:Taxes:Y2017:US:SocSec                   281.54 USD
  Assets:US:Federal:PreTax401k                   -1200.00 IRAUSD
  Expenses:Taxes:Y2017:US:Federal:PreTax401k      1200.00 IRAUSD
  Assets:US:Hoogle:Vacation                             5 VACHR
  Income:US:Hoogle:Vacation                            -5 VACHR

2017-08-10 * "Hoogle" "Payroll"
  Assets:US:BofA:Checking                         2050.60 USD
  Assets:US:Vanguard:Cash                          500.00 USD
  Income:US:Hoogle:Salary                        -4615.38 USD
  Income:US:Hoogle:GroupTermLife                   -24.32 USD
  Expenses:Health:Life:GroupTermLife                24.32 USD
  Expenses:Health:Dental:Insurance                   2.90 USD
  Expenses:Health:Medical:Insurance                 27.38 USD
  Expenses:Health:Vision:Insurance                  42.30 USD
  Expenses:Taxes:Y2017:US:Medicare                 106.62 USD
  Expenses:Taxes:Y2017:US:Federal                 1062.92 USD
  Expenses:Taxes:Y2017:US:State                    365.08 USD
  Expenses:Taxes:Y2017:US:CityNYC                  174.92 USD
  Expenses:Taxes:Y2017:US:SDI                        1.12 USD
  Expenses:Taxes:Y2017:US:SocSec                   281.54 USD
  Assets:US:Federal:PreTax401k                    -500.00 IRAUSD
  Expenses:Taxes:Y2017:US:Federal:PreTax401k       500.00 IRAUSD
  Assets:US:Hoogle:Vacation                             5 VACHR
  Income:US:Hoogle:Vacation                            -5 VACHR

2017-08-24 * "Hoogle" "Payroll"
  Assets:US:BofA:Checking                         2550.60 USD
  Income:US:Hoogle:Salary                        -4615.38 USD
  Income:US:Hoogle:GroupTermLife                   -24.32 USD
  Expenses:Health:Life:GroupTermLife                24.32 USD
  Expenses:Health:Dental:Insurance                   2.90 USD
  Expenses:Health:Medical:Insurance                 27.38 USD
  Expenses:Health:Vision:Insurance                  42.30 USD
  Expenses:Taxes:Y2017:US:Medicare                 106.62 USD
  Expenses:Taxes:Y2017:US:Federal                 1062.92 USD
  Expenses:Taxes:Y2017:US:State                    365.08 USD
  Expenses:Taxes:Y2017:US:CityNYC                  174.92 USD
  Expenses:Taxes:Y2017:US:SDI                        1.12 USD
  Expenses:Taxes:Y2017:US:SocSec                   281.54 USD
  Assets:US:Federal:PreTax401k                       0.00 IRAUSD
  Assets:US:Hoogle:Vacation                             5 VACHR
  Income:US:Hoogle:Vacation                            -5 VACHR

2017-09-07 * "Hoogle" "Payroll"
  Assets:US:BofA:Checking                         2550.60 USD
  Income:US:Hoogle:Salary                        -4615.38 USD
  Income:US:Hoogle:GroupTermLife                   -24.32 USD
  Expenses:Health:Life:GroupTermLife                24.32 USD
  Expenses:Health:Dental:Insurance                   2.90 USD
  Expenses:Health:Medical:Insurance                 27.38 USD
  Expenses:Health:Vision:Insurance                  42.30 USD
  Expenses:Taxes:Y2017:US:Medicare                 106.62 USD
  Expenses:Taxes:Y2017:US:Federal                 1062.92 USD
  Expenses:Taxes:Y2017:US:State                    365.08 USD
  Expenses:Taxes:Y2017:US:CityNYC                  174.92 USD
  Expenses:Taxes:Y2017:US:SDI                        1.12 USD
  Expenses:Taxes:Y2017:US:SocSec                   281.54 USD
  Assets:US:Federal:PreTax401k                       0.00 IRAUSD
  Assets:US:Hoogle:Vacation                             5 VACHR
  Income:US:Hoogle:Vacation                            -5 VACHR



* Taxes

1980-05-12 open Income:US:Federal:PreTax401k                    IRAUSD
1980-05-12 open Assets:US:Federal:PreTax401k                    IRAUSD



** Tax Year 2015

2015-01-01 open Expenses:Taxes:Y2015:US:Federal:PreTax401k      IRAUSD
2015-01-01 open Expenses:Taxes:Y2015:US:Medicare                USD
2015-01-01 open Expenses:Taxes:Y2015:US:Federal                 USD
2015-01-01 open Expenses:Taxes:Y2015:US:CityNYC                 USD
2015-01-01 open Expenses:Taxes:Y2015:US:SDI                     USD
2015-01-01 open Expenses:Taxes:Y2015:US:State                   USD
2015-01-01 open Expenses:Taxes:Y2015:US:SocSec                  USD

2015-01-01 balance Assets:US:Federal:PreTax401k         0 IRAUSD

2015-01-01 * "Allowed contributions for one year"
  Income:US:Federal:PreTax401k                     -18000 IRAUSD
  Assets:US:Federal:PreTax401k                      18000 IRAUSD

2016-03-20 * "Filing taxes for 2015"
  Expenses:Taxes:Y2015:US:Federal                  295.23 USD
  Expenses:Taxes:Y2015:US:State                    274.92 USD
  Liabilities:AccountsPayable                     -570.15 USD

2016-03-22 * "FEDERAL TAXPYMT"
  Assets:US:BofA:Checking                         -295.23 USD
  Liabilities:AccountsPayable                      295.23 USD

2016-03-23 * "STATE TAX & FINANC PYMT"
  Assets:US:BofA:Checking                         -274.92 USD
  Liabilities:AccountsPayable                      274.92 USD



** Tax Year 2016

2016-01-01 open Expenses:Taxes:Y2016:US:Federal:PreTax401k      IRAUSD
2016-01-01 open Expenses:Taxes:Y2016:US:Medicare                USD
2016-01-01 open Expenses:Taxes:Y2016:US:Federal                 USD
2016-01-01 open Expenses:Taxes:Y2016:US:CityNYC                 USD
2016-01-01 open Expenses:Taxes:Y2016:US:SDI                     USD
2016-01-01 open Expenses:Taxes:Y2016:US:State                   USD
2016-01-01 open Expenses:Taxes:Y2016:US:SocSec                  USD

2016-01-01 balance Assets:US:Federal:PreTax401k         0 IRAUSD

2016-01-01 * "Allowed contributions for one year"
  Income:US:Federal:PreTax401k                     -18000 IRAUSD
  Assets:US:Federal:PreTax401k                      18000 IRAUSD

2017-03-21 * "Filing taxes for 2016"
  Expenses:Taxes:Y2016:US:Federal                  463.16 USD
  Expenses:Taxes:Y2016:US:State                    456.53 USD
  Liabilities:AccountsPayable                     -919.69 USD

2017-03-21 * "FEDERAL TAXPYMT"
  Assets:US:BofA:Checking                         -463.16 USD
  Liabilities:AccountsPayable                      463.16 USD

2017-03-21 * "STATE TAX & FINANC PYMT"
  Assets:US:BofA:Checking                         -456.53 USD
  Liabilities:AccountsPayable                      456.53 USD



** Tax Year 2017

2017-01-01 open Expenses:Taxes:Y2017:US:Federal:PreTax401k      IRAUSD
2017-01-01 open Expenses:Taxes:Y2017:US:Medicare                USD
2017-01-01 open Expenses:Taxes:Y2017:US:Federal                 USD
2017-01-01 open Expenses:Taxes:Y2017:US:CityNYC                 USD
2017-01-01 open Expenses:Taxes:Y2017:US:SDI                     USD
2017-01-01 open Expenses:Taxes:Y2017:US:State                   USD
2017-01-01 open Expenses:Taxes:Y2017:US:SocSec                  USD

2017-01-01 balance Assets:US:Federal:PreTax401k         0 IRAUSD

2017-01-01 * "Allowed contributions for one year"
  Income:US:Federal:PreTax401k                     -18500 IRAUSD
  Assets:US:Federal:PreTax401k                      18500 IRAUSD



* Expenses

1980-05-12 open Expenses:Food:Groceries
1980-05-12 open Expenses:Food:Restaurant
1980-05-12 open Expenses:Food:Coffee
1980-05-12 open Expenses:Food:Alcohol
1980-05-12 open Expenses:Transport:Tram
1980-05-12 open Expenses:Home:Rent
1980-05-12 open Expenses:Home:Electricity
1980-05-12 open Expenses:Home:Internet
1980-05-12 open Expenses:Home:Phone
1980-05-12 open Expenses:Financial:Fees
1980-05-12 open Expenses:Financial:Commissions



* Prices

2015-01-02 price VBMPX                             136.65 USD
2015-01-02 price RGAGX                              88.07 USD
2015-01-02 price ITOT                               54.33 USD
2015-01-02 price VEA                               131.84 USD
2015-01-02 price VHT                               109.95 USD
2015-01-02 price GLD                               167.19 USD
2015-01-09 price VBMPX                             136.57 USD
2015-01-09 price RGAGX                              86.79 USD
2015-01-09 price ITOT                               54.85 USD
2015-01-09 price VEA                               132.10 USD
2015-01-09 price VHT                               108.61 USD
2015-01-09 price GLD                               168.02 USD
2015-01-16 price VBMPX                             138.35 USD
2015-01-16 price RGAGX                              88.87 USD
2015-01-16 price ITOT                               55.36 USD
2015-01-16 price VEA                               132.08 USD
2015-01-16 price VHT                               108.85 USD
2015-01-16 price GLD                               170.99 USD
2015-01-23 price VBMPX                             138.47 USD
2015-01-23 price RGAGX                              86.70 USD
2015-01-23 price ITOT                               54.76 USD
2015-01-23 price VEA                               131.60 USD
2015-01-23 price VHT                               108.29 USD
2015-01-23 price GLD                               175.46 USD
2015-01-30 price VBMPX                             139.94 USD
2015-01-30 price RGAGX                              87.85 USD
2015-01-30 price ITOT                               55.76 USD
2015-01-30 price VEA                               131.85 USD
2015-01-30 price VHT                               105.64 USD
2015-01-30 price GLD                               175.57 USD
2015-02-06 price VBMPX                             140.56 USD
2015-02-06 price RGAGX                              88.89 USD
2015-02-06 price ITOT                               56.12 USD
2015-02-06 price VEA                               131.69 USD
2015-02-06 price VHT                               106.62 USD
2015-02-06 price GLD                               177.17 USD
2015-02-13 price VBMPX                             140.34 USD
2015-02-13 price RGAGX                              88.22 USD
2015-02-13 price ITOT                               57.24 USD
2015-02-13 price VEA                               132.55 USD
2015-02-13 price VHT                               105.63 USD
2015-02-13 price GLD                               177.31 USD
2015-02-20 price VBMPX                             141.59 USD
2015-02-20 price RGAGX                              87.30 USD
2015-02-20 price ITOT                               58.18 USD
2015-02-20 price VEA                               130.77 USD
2015-02-20 price VHT                               106.56 USD
2015-02-20 price GLD                               179.46 USD
2015-02-27 price VBMPX                             140.74 USD
2015-02-27 price RGAGX                              86.62 USD
2015-02-27 price ITOT                               58.61 USD
2015-02-27 price VEA                               130.58 USD
2015-02-27 price VHT                               107.37 USD
2015-02-27 price GLD                               181.89 USD
2015-03-06 price VBMPX                             142.35 USD
2015-03-06 price RGAGX                              85.95 USD
2015-03-06 price ITOT                               58.18 USD
2015-03-06 price VEA                               130.19 USD
2015-03-06 price VHT                               107.68 USD
2015-03-06 price GLD                               186.07 USD
2015-03-13 price VBMPX                             142.20 USD
2015-03-13 price RGAGX                              86.15 USD
2015-03-13 price ITOT                               58.51 USD
2015-03-13 price VEA                               130.07 USD
2015-03-13 price VHT                               107.56 USD
2015-03-13 price GLD                               187.11 USD
2015-03-20 price VBMPX                             142.87 USD
2015-03-20 price RGAGX                              84.43 USD
2015-03-20 price ITOT                               57.95 USD
2015-03-20 price VEA                               131.52 USD
2015-03-20 price VHT                               109.29 USD
2015-03-20 price GLD                               188.69 USD
2015-03-27 price VBMPX                             141.48 USD
2015-03-27 price RGAGX                              84.63 USD
2015-03-27 price ITOT                               58.35 USD
2015-03-27 price VEA                               132.78 USD
2015-03-27 price VHT                               111.59 USD
2015-03-27 price GLD                               187.15 USD
2015-04-03 price VBMPX                             142.03 USD
2015-04-03 price RGAGX                              83.85 USD
2015-04-03 price ITOT                               57.56 USD
2015-04-03 price VEA                               135.81 USD
2015-04-03 price VHT                               110.28 USD
2015-04-03 price GLD                               192.47 USD
2015-04-10 price VBMPX                             143.57 USD
2015-04-10 price RGAGX                              83.67 USD
2015-04-10 price ITOT                               57.37 USD
2015-04-10 price VEA                               136.01 USD
2015-04-10 price VHT                               108.59 USD
2015-04-10 price GLD                               198.11 USD
2015-04-17 price VBMPX                             144.49 USD
2015-04-17 price RGAGX                              81.89 USD
2015-04-17 price ITOT                               57.90 USD
2015-04-17 price VEA                               134.09 USD
2015-04-17 price VHT                               108.86 USD
2015-04-17 price GLD                               198.35 USD
2015-04-24 price VBMPX                             145.00 USD
2015-04-24 price RGAGX                              82.26 USD
2015-04-24 price ITOT                               57.63 USD
2015-04-24 price VEA                               133.87 USD
2015-04-24 price VHT                               109.64 USD
2015-04-24 price GLD                               196.68 USD
2015-05-01 price VBMPX                             145.64 USD
2015-05-01 price RGAGX                              80.03 USD
2015-05-01 price ITOT                               56.47 USD
2015-05-01 price VEA                               134.30 USD
2015-05-01 price VHT                               107.78 USD
2015-05-01 price GLD                               198.74 USD
2015-05-08 price VBMPX                             147.63 USD
2015-05-08 price RGAGX                              79.16 USD
2015-05-08 price ITOT                               55.88 USD
2015-05-08 price VEA                               136.37 USD
2015-05-08 price VHT                               107.49 USD
2015-05-08 price GLD                               195.85 USD
2015-05-15 price VBMPX                             147.44 USD
2015-05-15 price RGAGX                              77.98 USD
2015-05-15 price ITOT                               56.51 USD
2015-05-15 price VEA                               134.34 USD
2015-05-15 price VHT                               106.52 USD
2015-05-15 price GLD                               193.80 USD
2015-05-22 price VBMPX                             148.55 USD
2015-05-22 price RGAGX                              77.08 USD
2015-05-22 price ITOT                               56.78 USD
2015-05-22 price VEA                               133.32 USD
2015-05-22 price VHT                               109.33 USD
2015-05-22 price GLD                               194.35 USD
2015-05-29 price VBMPX                             147.40 USD
2015-05-29 price RGAGX                              76.92 USD
2015-05-29 price ITOT                               56.81 USD
2015-05-29 price VEA                               132.88 USD
2015-05-29 price VHT                               109.68 USD
2015-05-29 price GLD                               198.00 USD
2015-06-05 price VBMPX                             148.91 USD
2015-06-05 price RGAGX                              76.41 USD
2015-06-05 price ITOT                               57.43 USD
2015-06-05 price VEA                               133.29 USD
2015-06-05 price VHT                               109.99 USD
2015-06-05 price GLD                               194.57 USD
2015-06-12 price VBMPX                             148.76 USD
2015-06-12 price RGAGX                              75.62 USD
2015-06-12 price ITOT                               58.43 USD
2015-06-12 price VEA                               131.69 USD
2015-06-12 price VHT                               112.10 USD
2015-06-12 price GLD                               195.26 USD
2015-06-19 price VBMPX                             150.01 USD
2015-06-19 price RGAGX                              76.25 USD
2015-06-19 price ITOT                               57.55 USD
2015-06-19 price VEA                               130.25 USD
2015-06-19 price VHT                               110.73 USD
2015-06-19 price GLD                               194.54 USD
2015-06-26 price VBMPX                             149.01 USD
2015-06-26 price RGAGX                              76.78 USD
2015-06-26 price ITOT                               58.59 USD
2015-06-26 price VEA                               131.55 USD
2015-06-26 price VHT                               110.52 USD
2015-06-26 price GLD                               193.14 USD
2015-07-03 price VBMPX                             148.80 USD
2015-07-03 price RGAGX                              76.73 USD
2015-07-03 price ITOT                               58.16 USD
2015-07-03 price VEA                               131.38 USD
2015-07-03 price VHT                               111.38 USD
2015-07-03 price GLD                               190.84 USD
2015-07-10 price VBMPX                             151.29 USD
2015-07-10 price RGAGX                              76.71 USD
2015-07-10 price ITOT                               59.25 USD
2015-07-10 price VEA                               130.75 USD
2015-07-10 price VHT                               111.71 USD
2015-07-10 price GLD                               187.60 USD
2015-07-17 price VBMPX                             151.23 USD
2015-07-17 price RGAGX                              76.93 USD
2015-07-17 price ITOT                               58.98 USD
2015-07-17 price VEA                               130.81 USD
2015-07-17 price VHT                               112.72 USD
2015-07-17 price GLD                               187.89 USD
2015-07-24 price VBMPX                             150.56 USD
2015-07-24 price RGAGX                              78.58 USD
2015-07-24 price ITOT                               59.23 USD
2015-07-24 price VEA                               130.18 USD
2015-07-24 price VHT                               113.00 USD
2015-07-24 price GLD                               191.51 USD
2015-07-31 price VBMPX                             152.83 USD
2015-07-31 price RGAGX                              79.24 USD
2015-07-31 price ITOT                               59.08 USD
2015-07-31 price VEA                               131.90 USD
2015-07-31 price VHT                               112.79 USD
2015-07-31 price GLD                               192.22 USD
2015-08-07 price VBMPX                             153.76 USD
2015-08-07 price RGAGX                              80.74 USD
2015-08-07 price ITOT                               60.20 USD
2015-08-07 price VEA                               133.22 USD
2015-08-07 price VHT                               112.41 USD
2015-08-07 price GLD                               193.48 USD
2015-08-14 price VBMPX                             154.48 USD
2015-08-14 price RGAGX                              79.48 USD
2015-08-14 price ITOT                               60.73 USD
2015-08-14 price VEA                               133.58 USD
2015-08-14 price VHT                               113.84 USD
2015-08-14 price GLD                               196.92 USD
2015-08-21 price VBMPX                             153.36 USD
2015-08-21 price RGAGX                              78.86 USD
2015-08-21 price ITOT                               60.25 USD
2015-08-21 price VEA                               132.89 USD
2015-08-21 price VHT                               114.10 USD
2015-08-21 price GLD                               192.06 USD
2015-08-28 price VBMPX                             152.66 USD
2015-08-28 price RGAGX                              78.73 USD
2015-08-28 price ITOT                               59.16 USD
2015-08-28 price VEA                               133.28 USD
2015-08-28 price VHT                               113.24 USD
2015-08-28 price GLD                               191.74 USD
2015-09-04 price VBMPX                             153.94 USD
2015-09-04 price RGAGX                              77.67 USD
2015-09-04 price ITOT                               59.05 USD
2015-09-04 price VEA                               133.75 USD
2015-09-04 price VHT                               112.69 USD
2015-09-04 price GLD                               195.02 USD
2015-09-11 price VBMPX                             155.72 USD
2015-09-11 price RGAGX                              77.71 USD
2015-09-11 price ITOT                               58.86 USD
2015-09-11 price VEA                               132.93 USD
2015-09-11 price VHT                               113.91 USD
2015-09-11 price GLD                               197.06 USD
2015-09-18 price VBMPX                             155.69 USD
2015-09-18 price RGAGX                              77.93 USD
2015-09-18 price ITOT                               59.20 USD
2015-09-18 price VEA                               133.06 USD
2015-09-18 price VHT                               114.59 USD
2015-09-18 price GLD                               200.22 USD
2015-09-25 price VBMPX                             156.09 USD
2015-09-25 price RGAGX                              78.08 USD
2015-09-25 price ITOT                               59.62 USD
2015-09-25 price VEA                               134.33 USD
2015-09-25 price VHT                               113.69 USD
2015-09-25 price GLD                               201.88 USD
2015-10-02 price VBMPX                             154.62 USD
2015-10-02 price RGAGX                              76.91 USD
2015-10-02 price ITOT                               60.02 USD
2015-10-02 price VEA                               134.24 USD
2015-10-02 price VHT                               115.52 USD
2015-10-02 price GLD                               201.36 USD
2015-10-09 price VBMPX                             154.57 USD
2015-10-09 price RGAGX                              76.98 USD
2015-10-09 price ITOT                               60.06 USD
2015-10-09 price VEA                               135.78 USD
2015-10-09 price VHT                               113.36 USD
2015-10-09 price GLD                               202.82 USD
2015-10-16 price VBMPX                             156.30 USD
2015-10-16 price RGAGX                              78.33 USD
2015-10-16 price ITOT                               60.50 USD
2015-10-16 price VEA                               137.57 USD
2015-10-16 price VHT                               114.77 USD
2015-10-16 price GLD                               199.86 USD
2015-10-23 price VBMPX                             157.17 USD
2015-10-23 price RGAGX                              78.33 USD
2015-10-23 price ITOT                               61.31 USD
2015-10-23 price VEA                               136.68 USD
2015-10-23 price VHT                               115.91 USD
2015-10-23 price GLD                               197.74 USD
2015-10-30 price VBMPX                             157.54 USD
2015-10-30 price RGAGX                              77.58 USD
2015-10-30 price ITOT                               61.54 USD
2015-10-30 price VEA                               137.01 USD
2015-10-30 price VHT                               113.32 USD
2015-10-30 price GLD                               204.23 USD
2015-11-06 price VBMPX                             158.75 USD
2015-11-06 price RGAGX                              78.58 USD
2015-11-06 price ITOT                               60.94 USD
2015-11-06 price VEA                               136.52 USD
2015-11-06 price VHT                               113.64 USD
2015-11-06 price GLD                               205.12 USD
2015-11-13 price VBMPX                             159.36 USD
2015-11-13 price RGAGX                              79.22 USD
2015-11-13 price ITOT                               61.74 USD
2015-11-13 price VEA                               137.15 USD
2015-11-13 price VHT                               112.21 USD
2015-11-13 price GLD                               209.00 USD
2015-11-20 price VBMPX                             161.60 USD
2015-11-20 price RGAGX                              79.07 USD
2015-11-20 price ITOT                               60.82 USD
2015-11-20 price VEA                               136.79 USD
2015-11-20 price VHT                               113.21 USD
2015-11-20 price GLD                               204.30 USD
2015-11-27 price VBMPX                             162.26 USD
2015-11-27 price RGAGX                              79.43 USD
2015-11-27 price ITOT                               60.75 USD
2015-11-27 price VEA                               137.92 USD
2015-11-27 price VHT                               116.31 USD
2015-11-27 price GLD                               208.25 USD
2015-12-04 price VBMPX                             162.66 USD
2015-12-04 price RGAGX                              80.38 USD
2015-12-04 price ITOT                               59.69 USD
2015-12-04 price VEA                               139.43 USD
2015-12-04 price VHT                               116.15 USD
2015-12-04 price GLD                               207.05 USD
2015-12-11 price VBMPX                             162.12 USD
2015-12-11 price RGAGX                              79.91 USD
2015-12-11 price ITOT                               60.93 USD
2015-12-11 price VEA                               137.60 USD
2015-12-11 price VHT                               115.91 USD
2015-12-11 price GLD                               204.46 USD
2015-12-18 price VBMPX                             163.27 USD
2015-12-18 price RGAGX                              80.92 USD
2015-12-18 price ITOT                               61.32 USD
2015-12-18 price VEA                               137.50 USD
2015-12-18 price VHT                               114.01 USD
2015-12-18 price GLD                               200.21 USD
2015-12-25 price VBMPX                             163.17 USD
2015-12-25 price RGAGX                              79.58 USD
2015-12-25 price ITOT                               61.34 USD
2015-12-25 price VEA                               136.96 USD
2015-12-25 price VHT                               112.21 USD
2015-12-25 price GLD                               202.96 USD
2016-01-01 price VBMPX                             165.77 USD
2016-01-01 price RGAGX                              78.97 USD
2016-01-01 price ITOT                               61.40 USD
2016-01-01 price VEA                               137.09 USD
2016-01-01 price VHT                               112.27 USD
2016-01-01 price GLD                               200.56 USD
2016-01-08 price VBMPX                             165.05 USD
2016-01-08 price RGAGX                              78.41 USD
2016-01-08 price ITOT                               61.04 USD
2016-01-08 price VEA                               138.58 USD
2016-01-08 price VHT                               111.37 USD
2016-01-08 price GLD                               198.06 USD
2016-01-15 price VBMPX                             166.33 USD
2016-01-15 price RGAGX                              79.50 USD
2016-01-15 price ITOT                               60.38 USD
2016-01-15 price VEA                               137.19 USD
2016-01-15 price VHT                               111.88 USD
2016-01-15 price GLD                               200.23 USD
2016-01-22 price VBMPX                             167.66 USD
2016-01-22 price RGAGX                              78.56 USD
2016-01-22 price ITOT                               60.53 USD
2016-01-22 price VEA                               136.21 USD
2016-01-22 price VHT                               112.88 USD
2016-01-22 price GLD                               198.57 USD
2016-01-29 price VBMPX                             168.90 USD
2016-01-29 price RGAGX                              79.55 USD
2016-01-29 price ITOT                               61.08 USD
2016-01-29 price VEA                               138.57 USD
2016-01-29 price VHT                               114.11 USD
2016-01-29 price GLD                               199.55 USD
2016-02-05 price VBMPX                             169.45 USD
2016-02-05 price RGAGX                              79.52 USD
2016-02-05 price ITOT                               61.83 USD
2016-02-05 price VEA                               139.41 USD
2016-02-05 price VHT                               112.46 USD
2016-02-05 price GLD                               200.43 USD
2016-02-12 price VBMPX                             168.94 USD
2016-02-12 price RGAGX                              79.04 USD
2016-02-12 price ITOT                               63.22 USD
2016-02-12 price VEA                               137.55 USD
2016-02-12 price VHT                               112.63 USD
2016-02-12 price GLD                               198.33 USD
2016-02-19 price VBMPX                             169.02 USD
2016-02-19 price RGAGX                              78.06 USD
2016-02-19 price ITOT                               62.63 USD
2016-02-19 price VEA                               137.49 USD
2016-02-19 price VHT                               114.40 USD
2016-02-19 price GLD                               197.43 USD
2016-02-26 price VBMPX                             169.50 USD
2016-02-26 price RGAGX                              78.44 USD
2016-02-26 price ITOT                               62.62 USD
2016-02-26 price VEA                               136.78 USD
2016-02-26 price VHT                               115.01 USD
2016-02-26 price GLD                               201.40 USD
2016-03-04 price VBMPX                             171.38 USD
2016-03-04 price RGAGX                              78.40 USD
2016-03-04 price ITOT                               62.47 USD
2016-03-04 price VEA                               136.52 USD
2016-03-04 price VHT                               113.52 USD
2016-03-04 price GLD                               201.13 USD
2016-03-11 price VBMPX                             172.43 USD
2016-03-11 price RGAGX                              79.41 USD
2016-03-11 price ITOT                               62.64 USD
2016-03-11 price VEA                               136.50 USD
2016-03-11 price VHT                               113.41 USD
2016-03-11 price GLD                               204.95 USD
2016-03-18 price VBMPX                             172.55 USD
2016-03-18 price RGAGX                              80.91 USD
2016-03-18 price ITOT                               62.64 USD
2016-03-18 price VEA                               136.67 USD
2016-03-18 price VHT                               113.56 USD
2016-03-18 price GLD                               202.13 USD
2016-03-25 price VBMPX                             173.31 USD
2016-03-25 price RGAGX                              80.91 USD
2016-03-25 price ITOT                               62.99 USD
2016-03-25 price VEA                               134.62 USD
2016-03-25 price VHT                               114.97 USD
2016-03-25 price GLD                               204.01 USD
2016-04-01 price VBMPX                             173.77 USD
2016-04-01 price RGAGX                              79.87 USD
2016-04-01 price ITOT                               62.66 USD
2016-04-01 price VEA                               133.85 USD
2016-04-01 price VHT                               116.46 USD
2016-04-01 price GLD                               203.61 USD
2016-04-08 price VBMPX                             173.94 USD
2016-04-08 price RGAGX                              81.72 USD
2016-04-08 price ITOT                               62.38 USD
2016-04-08 price VEA                               134.56 USD
2016-04-08 price VHT                               116.45 USD
2016-04-08 price GLD                               208.51 USD
2016-04-15 price VBMPX                             175.06 USD
2016-04-15 price RGAGX                              82.58 USD
2016-04-15 price ITOT                               61.69 USD
2016-04-15 price VEA                               133.84 USD
2016-04-15 price VHT                               120.00 USD
2016-04-15 price GLD                               210.80 USD
2016-04-22 price VBMPX                             178.22 USD
2016-04-22 price RGAGX                              81.20 USD
2016-04-22 price ITOT                               61.80 USD
2016-04-22 price VEA                               135.08 USD
2016-04-22 price VHT                               119.64 USD
2016-04-22 price GLD                               204.82 USD
2016-04-29 price VBMPX                             176.69 USD
2016-04-29 price RGAGX                              82.36 USD
2016-04-29 price ITOT                               62.20 USD
2016-04-29 price VEA                               134.63 USD
2016-04-29 price VHT                               118.03 USD
2016-04-29 price GLD                               205.78 USD
2016-05-06 price VBMPX                             176.67 USD
2016-05-06 price RGAGX                              82.22 USD
2016-05-06 price ITOT                               63.22 USD
2016-05-06 price VEA                               137.35 USD
2016-05-06 price VHT                               118.13 USD
2016-05-06 price GLD                               210.48 USD
2016-05-13 price VBMPX                             175.04 USD
2016-05-13 price RGAGX                              82.99 USD
2016-05-13 price ITOT                               63.43 USD
2016-05-13 price VEA                               138.95 USD
2016-05-13 price VHT                               118.53 USD
2016-05-13 price GLD                               210.99 USD
2016-05-20 price VBMPX                             177.15 USD
2016-05-20 price RGAGX                              83.38 USD
2016-05-20 price ITOT                               63.32 USD
2016-05-20 price VEA                               136.59 USD
2016-05-20 price VHT                               118.62 USD
2016-05-20 price GLD                               210.97 USD
2016-05-27 price VBMPX                             178.27 USD
2016-05-27 price RGAGX                              84.89 USD
2016-05-27 price ITOT                               63.86 USD
2016-05-27 price VEA                               135.41 USD
2016-05-27 price VHT                               116.93 USD
2016-05-27 price GLD                               214.77 USD
2016-06-03 price VBMPX                             178.72 USD
2016-06-03 price RGAGX                              85.28 USD
2016-06-03 price ITOT                               63.97 USD
2016-06-03 price VEA                               135.53 USD
2016-06-03 price VHT                               115.82 USD
2016-06-03 price GLD                               217.26 USD
2016-06-10 price VBMPX                             178.65 USD
2016-06-10 price RGAGX                              85.05 USD
2016-06-10 price ITOT                               64.04 USD
2016-06-10 price VEA                               134.45 USD
2016-06-10 price VHT                               116.27 USD
2016-06-10 price GLD                               215.52 USD
2016-06-17 price VBMPX                             180.41 USD
2016-06-17 price RGAGX                              85.62 USD
2016-06-17 price ITOT                               63.94 USD
2016-06-17 price VEA                               133.32 USD
2016-06-17 price VHT                               116.21 USD
2016-06-17 price GLD                               221.83 USD
2016-06-24 price VBMPX                             180.21 USD
2016-06-24 price RGAGX                              85.48 USD
2016-06-24 price ITOT                               63.83 USD
2016-06-24 price VEA                               135.58 USD
2016-06-24 price VHT                               117.22 USD
2016-06-24 price GLD                               220.27 USD
2016-07-01 price VBMPX                             180.86 USD
2016-07-01 price RGAGX                              85.66 USD
2016-07-01 price ITOT                               64.44 USD
2016-07-01 price VEA                               135.78 USD
2016-07-01 price VHT                               116.23 USD
2016-07-01 price GLD                               221.08 USD
2016-07-08 price VBMPX                             180.12 USD
2016-07-08 price RGAGX                              84.05 USD
2016-07-08 price ITOT                               63.97 USD
2016-07-08 price VEA                               136.00 USD
2016-07-08 price VHT                               115.78 USD
2016-07-08 price GLD                               226.85 USD
2016-07-15 price VBMPX                             180.75 USD
2016-07-15 price RGAGX                              82.52 USD
2016-07-15 price ITOT                               64.69 USD
2016-07-15 price VEA                               137.14 USD
2016-07-15 price VHT                               117.19 USD
2016-07-15 price GLD                               228.39 USD
2016-07-22 price VBMPX                             181.69 USD
2016-07-22 price RGAGX                              82.53 USD
2016-07-22 price ITOT                               66.04 USD
2016-07-22 price VEA                               138.58 USD
2016-07-22 price VHT                               118.19 USD
2016-07-22 price GLD                               227.01 USD
2016-07-29 price VBMPX                             182.73 USD
2016-07-29 price RGAGX                              84.29 USD
2016-07-29 price ITOT                               65.88 USD
2016-07-29 price VEA                               140.25 USD
2016-07-29 price VHT                               117.99 USD
2016-07-29 price GLD                               225.49 USD
2016-08-05 price VBMPX                             182.35 USD
2016-08-05 price RGAGX                              84.81 USD
2016-08-05 price ITOT                               65.90 USD
2016-08-05 price VEA                               139.48 USD
2016-08-05 price VHT                               118.60 USD
2016-08-05 price GLD                               224.35 USD
2016-08-12 price VBMPX                             183.91 USD
2016-08-12 price RGAGX                              83.77 USD
2016-08-12 price ITOT                               66.51 USD
2016-08-12 price VEA                               140.97 USD
2016-08-12 price VHT                               119.85 USD
2016-08-12 price GLD                               225.99 USD
2016-08-19 price VBMPX                             183.99 USD
2016-08-19 price RGAGX                              83.58 USD
2016-08-19 price ITOT                               66.40 USD
2016-08-19 price VEA                               141.28 USD
2016-08-19 price VHT                               119.56 USD
2016-08-19 price GLD                               226.87 USD
2016-08-26 price VBMPX                             183.77 USD
2016-08-26 price RGAGX                              82.67 USD
2016-08-26 price ITOT                               65.49 USD
2016-08-26 price VEA                               141.11 USD
2016-08-26 price VHT                               118.08 USD
2016-08-26 price GLD                               221.58 USD
2016-09-02 price VBMPX                             183.92 USD
2016-09-02 price RGAGX                              82.90 USD
2016-09-02 price ITOT                               65.77 USD
2016-09-02 price VEA                               141.92 USD
2016-09-02 price VHT                               119.80 USD
2016-09-02 price GLD                               223.34 USD
2016-09-09 price VBMPX                             183.15 USD
2016-09-09 price RGAGX                              81.96 USD
2016-09-09 price ITOT                               65.89 USD
2016-09-09 price VEA                               141.59 USD
2016-09-09 price VHT                               120.64 USD
2016-09-09 price GLD                               225.70 USD
2016-09-16 price VBMPX                             183.42 USD
2016-09-16 price RGAGX                              81.05 USD
2016-09-16 price ITOT                               65.97 USD
2016-09-16 price VEA                               143.89 USD
2016-09-16 price VHT                               119.82 USD
2016-09-16 price GLD                               230.62 USD
2016-09-23 price VBMPX                             181.93 USD
2016-09-23 price RGAGX                              80.59 USD
2016-09-23 price ITOT                               65.47 USD
2016-09-23 price VEA                               144.87 USD
2016-09-23 price VHT                               119.17 USD
2016-09-23 price GLD                               231.38 USD
2016-09-30 price VBMPX                             182.66 USD
2016-09-30 price RGAGX                              80.13 USD
2016-09-30 price ITOT                               65.21 USD
2016-09-30 price VEA                               144.02 USD
2016-09-30 price VHT                               118.94 USD
2016-09-30 price GLD                               232.95 USD
2016-10-07 price VBMPX                             183.07 USD
2016-10-07 price RGAGX                              80.02 USD
2016-10-07 price ITOT                               65.31 USD
2016-10-07 price VEA                               145.05 USD
2016-10-07 price VHT                               118.78 USD
2016-10-07 price GLD                               232.81 USD
2016-10-14 price VBMPX                             183.31 USD
2016-10-14 price RGAGX                              79.50 USD
2016-10-14 price ITOT                               65.07 USD
2016-10-14 price VEA                               146.32 USD
2016-10-14 price VHT                               118.60 USD
2016-10-14 price GLD                               233.50 USD
2016-10-21 price VBMPX                             181.35 USD
2016-10-21 price RGAGX                              80.79 USD
2016-10-21 price ITOT                               65.35 USD
2016-10-21 price VEA                               148.45 USD
2016-10-21 price VHT                               119.95 USD
2016-10-21 price GLD                               234.91 USD
2016-10-28 price VBMPX                             182.89 USD
2016-10-28 price RGAGX                              80.44 USD
2016-10-28 price ITOT                               65.67 USD
2016-10-28 price VEA                               149.06 USD
2016-10-28 price VHT                               118.95 USD
2016-10-28 price GLD                               238.91 USD
2016-11-04 price VBMPX                             182.69 USD
2016-11-04 price RGAGX                              80.36 USD
2016-11-04 price ITOT                               65.54 USD
2016-11-04 price VEA                               149.75 USD
2016-11-04 price VHT                               118.35 USD
2016-11-04 price GLD                               238.35 USD
2016-11-11 price VBMPX                             182.51 USD
2016-11-11 price RGAGX                              81.39 USD
2016-11-11 price ITOT                               65.41 USD
2016-11-11 price VEA                               147.45 USD
2016-11-11 price VHT                               117.36 USD
2016-11-11 price GLD                               236.31 USD
2016-11-18 price VBMPX                             181.47 USD
2016-11-18 price RGAGX                              81.84 USD
2016-11-18 price ITOT                               67.07 USD
2016-11-18 price VEA                               145.37 USD
2016-11-18 price VHT                               118.31 USD
2016-11-18 price GLD                               240.51 USD
2016-11-25 price VBMPX                             182.02 USD
2016-11-25 price RGAGX                              82.74 USD
2016-11-25 price ITOT                               67.49 USD
2016-11-25 price VEA                               143.62 USD
2016-11-25 price VHT                               117.41 USD
2016-11-25 price GLD                               241.49 USD
2016-12-02 price VBMPX                             182.43 USD
2016-12-02 price RGAGX                              83.80 USD
2016-12-02 price ITOT                               67.02 USD
2016-12-02 price VEA                               144.25 USD
2016-12-02 price VHT                               116.80 USD
2016-12-02 price GLD                               247.85 USD
2016-12-09 price VBMPX                             182.79 USD
2016-12-09 price RGAGX                              81.98 USD
2016-12-09 price ITOT                               67.13 USD
2016-12-09 price VEA                               147.58 USD
2016-12-09 price VHT                               118.49 USD
2016-12-09 price GLD                               250.31 USD
2016-12-16 price VBMPX                             181.33 USD
2016-12-16 price RGAGX                              81.53 USD
2016-12-16 price ITOT                               68.40 USD
2016-12-16 price VEA                               146.13 USD
2016-12-16 price VHT                               116.69 USD
2016-12-16 price GLD                               251.47 USD
2016-12-23 price VBMPX                             180.01 USD
2016-12-23 price RGAGX                              81.08 USD
2016-12-23 price ITOT                               68.26 USD
2016-12-23 price VEA                               145.03 USD
2016-12-23 price VHT                               116.33 USD
2016-12-23 price GLD                               255.18 USD
2016-12-30 price VBMPX                             179.51 USD
2016-12-30 price RGAGX                              81.93 USD
2016-12-30 price ITOT                               68.60 USD
2016-12-30 price VEA                               146.17 USD
2016-12-30 price VHT                               115.62 USD
2016-12-30 price GLD                               252.86 USD
2017-01-06 price VBMPX                             180.52 USD
2017-01-06 price RGAGX                              81.81 USD
2017-01-06 price ITOT                               70.10 USD
2017-01-06 price VEA                               146.44 USD
2017-01-06 price VHT                               115.78 USD
2017-01-06 price GLD                               261.96 USD
2017-01-13 price VBMPX                             179.68 USD
2017-01-13 price RGAGX                              80.98 USD
2017-01-13 price ITOT                               70.86 USD
2017-01-13 price VEA                               146.83 USD
2017-01-13 price VHT                               116.13 USD
2017-01-13 price GLD                               262.46 USD
2017-01-20 price VBMPX                             180.67 USD
2017-01-20 price RGAGX                              81.44 USD
2017-01-20 price ITOT                               69.84 USD
2017-01-20 price VEA                               147.73 USD
2017-01-20 price VHT                               113.39 USD
2017-01-20 price GLD                               261.56 USD
2017-01-27 price VBMPX                             181.60 USD
2017-01-27 price RGAGX                              81.13 USD
2017-01-27 price ITOT                               70.25 USD
2017-01-27 price VEA                               149.07 USD
2017-01-27 price VHT                               115.60 USD
2017-01-27 price GLD                               263.28 USD
2017-02-03 price VBMPX                             183.80 USD
2017-02-03 price RGAGX                              81.69 USD
2017-02-03 price ITOT                               71.00 USD
2017-02-03 price VEA                               147.37 USD
2017-02-03 price VHT                               114.68 USD
2017-02-03 price GLD                               266.80 USD
2017-02-10 price VBMPX                             182.75 USD
2017-02-10 price RGAGX                              82.15 USD
2017-02-10 price ITOT                               71.74 USD
2017-02-10 price VEA                               147.94 USD
2017-02-10 price VHT                               114.54 USD
2017-02-10 price GLD                               273.28 USD
2017-02-17 price VBMPX                             184.02 USD
2017-02-17 price RGAGX                              81.90 USD
2017-02-17 price ITOT                               72.96 USD
2017-02-17 price VEA                               149.80 USD
2017-02-17 price VHT                               114.15 USD
2017-02-17 price GLD                               278.87 USD
2017-02-24 price VBMPX                             185.73 USD
2017-02-24 price RGAGX                              81.24 USD
2017-02-24 price ITOT                               72.89 USD
2017-02-24 price VEA                               149.22 USD
2017-02-24 price VHT                               111.84 USD
2017-02-24 price GLD                               280.47 USD
2017-03-03 price VBMPX                             185.30 USD
2017-03-03 price RGAGX                              81.31 USD
2017-03-03 price ITOT                               72.40 USD
2017-03-03 price VEA                               148.21 USD
2017-03-03 price VHT                               110.95 USD
2017-03-03 price GLD                               276.79 USD
2017-03-10 price VBMPX                             188.46 USD
2017-03-10 price RGAGX                              80.12 USD
2017-03-10 price ITOT                               73.87 USD
2017-03-10 price VEA                               146.92 USD
2017-03-10 price VHT                               110.17 USD
2017-03-10 price GLD                               280.16 USD
2017-03-17 price VBMPX                             189.50 USD
2017-03-17 price RGAGX                              80.59 USD
2017-03-17 price ITOT                               74.93 USD
2017-03-17 price VEA                               148.59 USD
2017-03-17 price VHT                               115.55 USD
2017-03-17 price GLD                               278.99 USD
2017-03-24 price VBMPX                             189.47 USD
2017-03-24 price RGAGX                              81.16 USD
2017-03-24 price ITOT                               75.83 USD
2017-03-24 price VEA                               147.79 USD
2017-03-24 price VHT                               116.73 USD
2017-03-24 price GLD                               278.57 USD
2017-03-31 price VBMPX                             190.07 USD
2017-03-31 price RGAGX                              81.15 USD
2017-03-31 price ITOT                               76.16 USD
2017-03-31 price VEA                               146.80 USD
2017-03-31 price VHT                               117.01 USD
2017-03-31 price GLD                               283.02 USD
2017-04-07 price VBMPX                             191.16 USD
2017-04-07 price RGAGX                              80.46 USD
2017-04-07 price ITOT                               76.60 USD
2017-04-07 price VEA                               147.77 USD
2017-04-07 price VHT                               118.93 USD
2017-04-07 price GLD                               293.54 USD
2017-04-14 price VBMPX                             195.13 USD
2017-04-14 price RGAGX                              81.21 USD
2017-04-14 price ITOT                               77.22 USD
2017-04-14 price VEA                               149.67 USD
2017-04-14 price VHT                               119.84 USD
2017-04-14 price GLD                               293.31 USD
2017-04-21 price VBMPX                             196.50 USD
2017-04-21 price RGAGX                              80.45 USD
2017-04-21 price ITOT                               78.37 USD
2017-04-21 price VEA                               146.92 USD
2017-04-21 price VHT                               119.10 USD
2017-04-21 price GLD                               295.14 USD
2017-04-28 price VBMPX                             198.28 USD
2017-04-28 price RGAGX                              81.23 USD
2017-04-28 price ITOT                               79.12 USD
2017-04-28 price VEA                               146.79 USD
2017-04-28 price VHT                               118.41 USD
2017-04-28 price GLD                               299.07 USD
2017-05-05 price VBMPX                             200.23 USD
2017-05-05 price RGAGX                              81.57 USD
2017-05-05 price ITOT                               79.27 USD
2017-05-05 price VEA                               144.33 USD
2017-05-05 price VHT                               119.35 USD
2017-05-05 price GLD                               303.74 USD
2017-05-12 price VBMPX                             200.90 USD
2017-05-12 price RGAGX                              81.41 USD
2017-05-12 price ITOT                               80.24 USD
2017-05-12 price VEA                               144.48 USD
2017-05-12 price VHT                               120.51 USD
2017-05-12 price GLD                               300.63 USD
2017-05-19 price VBMPX                             203.04 USD
2017-05-19 price RGAGX                              82.51 USD
2017-05-19 price ITOT                               80.49 USD
2017-05-19 price VEA                               144.59 USD
2017-05-19 price VHT                               120.10 USD
2017-05-19 price GLD                               297.70 USD
2017-05-26 price VBMPX                             203.92 USD
2017-05-26 price RGAGX                              82.03 USD
2017-05-26 price ITOT                               79.99 USD
2017-05-26 price VEA                               146.96 USD
2017-05-26 price VHT                               119.10 USD
2017-05-26 price GLD                               297.03 USD
2017-06-02 price VBMPX                             206.64 USD
2017-06-02 price RGAGX                              82.12 USD
2017-06-02 price ITOT                               80.16 USD
2017-06-02 price VEA                               146.84 USD
2017-06-02 price VHT                               121.63 USD
2017-06-02 price GLD                               300.02 USD
2017-06-09 price VBMPX                             205.92 USD
2017-06-09 price RGAGX                              82.98 USD
2017-06-09 price ITOT                               79.43 USD
2017-06-09 price VEA                               146.73 USD
2017-06-09 price VHT                               122.51 USD
2017-06-09 price GLD                               299.92 USD
2017-06-16 price VBMPX                             206.18 USD
2017-06-16 price RGAGX                              84.40 USD
2017-06-16 price ITOT                               78.76 USD
2017-06-16 price VEA                               146.27 USD
2017-06-16 price VHT                               121.28 USD
2017-06-16 price GLD                               297.22 USD
2017-06-23 price VBMPX                             206.98 USD
2017-06-23 price RGAGX                              85.54 USD
2017-06-23 price ITOT                               79.35 USD
2017-06-23 price VEA                               146.25 USD
2017-06-23 price VHT                               121.33 USD
2017-06-23 price GLD                               298.01 USD
2017-06-30 price VBMPX                             207.83 USD
2017-06-30 price RGAGX                              84.98 USD
2017-06-30 price ITOT                               79.41 USD
2017-06-30 price VEA                               144.99 USD
2017-06-30 price VHT                               122.85 USD
2017-06-30 price GLD                               296.98 USD
2017-07-07 price VBMPX                             208.45 USD
2017-07-07 price RGAGX                              85.48 USD
2017-07-07 price ITOT                               79.73 USD
2017-07-07 price VEA                               145.49 USD
2017-07-07 price VHT                               123.00 USD
2017-07-07 price GLD                               291.25 USD
2017-07-14 price VBMPX                             207.28 USD
2017-07-14 price RGAGX                              84.41 USD
2017-07-14 price ITOT                               80.20 USD
2017-07-14 price VEA                               146.87 USD
2017-07-14 price VHT                               125.01 USD
2017-07-14 price GLD                               280.44 USD
2017-07-21 price VBMPX                             208.34 USD
2017-07-21 price RGAGX                              83.41 USD
2017-07-21 price ITOT                               79.80 USD
2017-07-21 price VEA                               143.85 USD
2017-07-21 price VHT                               127.63 USD
2017-07-21 price GLD                               289.83 USD
2017-07-28 price VBMPX                             207.06 USD
2017-07-28 price RGAGX                              83.30 USD
2017-07-28 price ITOT                               80.56 USD
2017-07-28 price VEA                               144.41 USD
2017-07-28 price VHT                               130.92 USD
2017-07-28 price GLD                               291.02 USD
2017-08-04 price VBMPX                             207.40 USD
2017-08-04 price RGAGX                              82.78 USD
2017-08-04 price ITOT                               80.52 USD
2017-08-04 price VEA                               145.97 USD
2017-08-04 price VHT                               129.79 USD
2017-08-04 price GLD                               297.80 USD
2017-08-11 price VBMPX                             208.79 USD
2017-08-11 price RGAGX                              81.40 USD
2017-08-11 price ITOT                               81.02 USD
2017-08-11 price VEA                               147.13 USD
2017-08-11 price VHT                               131.26 USD
2017-08-11 price GLD                               301.22 USD
2017-08-18 price VBMPX                             210.22 USD
2017-08-18 price RGAGX                              81.76 USD
2017-08-18 price ITOT                               80.94 USD
2017-08-18 price VEA                               145.72 USD
2017-08-18 price VHT                               132.26 USD
2017-08-18 price GLD                               302.94 USD
2017-08-25 price VBMPX                             211.04 USD
2017-08-25 price RGAGX                              81.74 USD
2017-08-25 price ITOT                               80.68 USD
2017-08-25 price VEA                               144.23 USD
2017-08-25 price VHT                               132.32 USD
2017-08-25 price GLD                               304.17 USD
2017-09-01 price VBMPX                             211.69 USD
2017-09-01 price RGAGX                              80.95 USD
2017-09-01 price ITOT                               80.92 USD
2017-09-01 price VEA                               142.80 USD
2017-09-01 price VHT                               131.91 USD
2017-09-01 price GLD                               304.48 USD
2017-09-08 price VBMPX                             212.88 USD
2017-09-08 price RGAGX                              81.09 USD
2017-09-08 price ITOT                               79.93 USD
2017-09-08 price VEA                               143.87 USD
2017-09-08 price VHT                               130.97 USD
2017-09-08 price GLD                               306.91 USD



* Cash

