;; -*- mode: org; mode: beancount; -*-
;; Birth: 1980-05-12
;; Dates: 2021-01-01 - 2023-05-11
;; THIS FILE HAS BEEN AUTO-GENERATED.
* Options

option "title" "Example Beancount file"
option "operating_currency" "USD"




* Commodities


1792-01-01 commodity USD
  export: "CASH"
  name: "US Dollar"

1900-01-01 commodity VMMXX
  export: "MUTF:VMMXX (MONEY:USD)"

1980-05-12 commodity VACHR
  export: "IGNORE"
  name: "Employer Vacation Hours"

1980-05-12 commodity IRAUSD
  export: "IGNORE"
  name: "US 401k and IRA Contributions"

1995-09-18 commodity VBMPX
  export: "MUTF:VBMPX"
  name: "Vanguard Total Bond Market Index Fund Institutional Plus Shares"
  price: "USD:google/MUTF:VBMPX"

2004-01-20 commodity ITOT
  export: "NYSEARCA:ITOT"
  name: "iShares Core S&P Total U.S. Stock Market ETF"
  price: "USD:google/NYSEARCA:ITOT"

2004-01-26 commodity VHT
  export: "NYSEARCA:VHT"
  name: "Vanguard Health Care ETF"
  price: "USD:google/NYSEARCA:VHT"

2004-11-01 commodity GLD
  export: "NYSEARCA:GLD"
  name: "SPDR Gold Trust (ETF)"
  price: "USD:google/NYSEARCA:GLD"

2007-07-20 commodity VEA
  export: "NYSEARCA:VEA"
  name: "Vanguard FTSE Developed Markets ETF"
  price: "USD:google/NYSEARCA:VEA"

2009-05-01 commodity RGAGX
  export: "MUTF:RGAGX"
  name: "American Funds The Growth Fund of America Class R-6"
  price: "USD:google/MUTF:RGAGX"



* Equity Accounts

1980-05-12 open Equity:Opening-Balances
1980-05-12 open Liabilities:AccountsPayable



* Banking

2021-01-01 open Assets:US:BofA
  address: "123 America Street, LargeTown, USA"
  institution: "Bank of America"
  phone: "+1.012.345.6789"
2021-01-01 open Assets:US:BofA:Checking                        USD
  account: "00234-48574897"

2021-01-01 * "Opening Balance for checking account"
  Assets:US:BofA:Checking                         4651.25 USD
  Equity:Opening-Balances                        -4651.25 USD

2021-01-02 balance Assets:US:BofA:Checking        4651.25 USD

2021-01-03 * "RiverBank Properties" "Paying the rent"
  Assets:US:BofA:Checking                        -2400.00 USD
  Expenses:Home:Rent                              2400.00 USD

2021-01-04 * "BANK FEES" "Monthly bank fee"
  Assets:US:BofA:Checking                           -4.00 USD
  Expenses:Financial:Fees                            4.00 USD

2021-01-09 * "EDISON POWER" ""
  Assets:US:BofA:Checking                          -65.00 USD
  Expenses:Home:Electricity                         65.00 USD

2021-01-18 * "Verizon Wireless" ""
  Assets:US:BofA:Checking                          -43.16 USD
  Expenses:Home:Phone                               43.16 USD

2021-01-21 * "Wine-Tarner Cable" ""
  Assets:US:BofA:Checking                          -79.96 USD
  Expenses:Home:Internet                            79.96 USD

2021-01-22 balance Assets:US:BofA:Checking        4598.15 USD

2021-02-04 * "BANK FEES" "Monthly bank fee"
  Assets:US:BofA:Checking                           -4.00 USD
  Expenses:Financial:Fees                            4.00 USD

2021-02-04 * "RiverBank Properties" "Paying the rent"
  Assets:US:BofA:Checking                        -2400.00 USD
  Expenses:Home:Rent                              2400.00 USD

2021-02-08 * "EDISON POWER" ""
  Assets:US:BofA:Checking                          -65.00 USD
  Expenses:Home:Electricity                         65.00 USD

2021-02-19 balance Assets:US:BofA:Checking        4115.70 USD

2021-02-20 * "Verizon Wireless" ""
  Assets:US:BofA:Checking                          -48.87 USD
  Expenses:Home:Phone                               48.87 USD

2021-02-22 * "Wine-Tarner Cable" ""
  Assets:US:BofA:Checking                          -80.04 USD
  Expenses:Home:Internet                            80.04 USD

2021-03-04 * "BANK FEES" "Monthly bank fee"
  Assets:US:BofA:Checking                           -4.00 USD
  Expenses:Financial:Fees                            4.00 USD

2021-03-06 * "RiverBank Properties" "Paying the rent"
  Assets:US:BofA:Checking                        -2400.00 USD
  Expenses:Home:Rent                              2400.00 USD

2021-03-08 * "EDISON POWER" ""
  Assets:US:BofA:Checking                          -65.00 USD
  Expenses:Home:Electricity                         65.00 USD

2021-03-12 balance Assets:US:BofA:Checking        2243.26 USD

2021-03-18 * "Verizon Wireless" ""
  Assets:US:BofA:Checking                          -56.96 USD
  Expenses:Home:Phone                               56.96 USD

2021-03-21 * "Wine-Tarner Cable" ""
  Assets:US:BofA:Checking                          -80.01 USD
  Expenses:Home:Internet                            80.01 USD

2021-04-03 balance Assets:US:BofA:Checking        4807.49 USD

2021-04-04 * "BANK FEES" "Monthly bank fee"
  Assets:US:BofA:Checking                           -4.00 USD
  Expenses:Financial:Fees                            4.00 USD

2021-04-06 * "RiverBank Properties" "Paying the rent"
  Assets:US:BofA:Checking                        -2400.00 USD
  Expenses:Home:Rent                              2400.00 USD

2021-04-08 * "EDISON POWER" ""
  Assets:US:BofA:Checking                          -65.00 USD
  Expenses:Home:Electricity                         65.00 USD

2021-04-19 * "Verizon Wireless" ""
  Assets:US:BofA:Checking                          -68.04 USD
  Expenses:Home:Phone                               68.04 USD

2021-04-22 * "Wine-Tarner Cable" ""
  Assets:US:BofA:Checking                          -80.00 USD
  Expenses:Home:Internet                            80.00 USD

2021-04-24 balance Assets:US:BofA:Checking        2735.89 USD

2021-05-03 * "RiverBank Properties" "Paying the rent"
  Assets:US:BofA:Checking                        -2400.00 USD
  Expenses:Home:Rent                              2400.00 USD

2021-05-04 * "BANK FEES" "Monthly bank fee"
  Assets:US:BofA:Checking                           -4.00 USD
  Expenses:Financial:Fees                            4.00 USD

2021-05-09 * "EDISON POWER" ""
  Assets:US:BofA:Checking                          -65.00 USD
  Expenses:Home:Electricity                         65.00 USD

2021-05-15 balance Assets:US:BofA:Checking        2255.69 USD

2021-05-18 * "Verizon Wireless" ""
  Assets:US:BofA:Checking                          -67.38 USD
  Expenses:Home:Phone                               67.38 USD

2021-05-23 * "Wine-Tarner Cable" ""
  Assets:US:BofA:Checking                          -79.81 USD
  Expenses:Home:Internet                            79.81 USD

2021-06-04 * "BANK FEES" "Monthly bank fee"
  Assets:US:BofA:Checking                           -4.00 USD
  Expenses:Financial:Fees                            4.00 USD

2021-06-06 * "RiverBank Properties" "Paying the rent"
  Assets:US:BofA:Checking                        -2400.00 USD
  Expenses:Home:Rent                              2400.00 USD

2021-06-09 * "EDISON POWER" ""
  Assets:US:BofA:Checking                          -65.00 USD
  Expenses:Home:Electricity                         65.00 USD

2021-06-11 balance Assets:US:BofA:Checking        1832.20 USD

2021-06-18 * "Verizon Wireless" ""
  Assets:US:BofA:Checking                          -55.23 USD
  Expenses:Home:Phone                               55.23 USD

2021-06-21 * "Wine-Tarner Cable" ""
  Assets:US:BofA:Checking                          -79.83 USD
  Expenses:Home:Internet                            79.83 USD

2021-07-03 * "RiverBank Properties" "Paying the rent"
  Assets:US:BofA:Checking                        -2400.00 USD
  Expenses:Home:Rent                              2400.00 USD

2021-07-04 * "BANK FEES" "Monthly bank fee"
  Assets:US:BofA:Checking                           -4.00 USD
  Expenses:Financial:Fees                            4.00 USD

2021-07-05 balance Assets:US:BofA:Checking         643.74 USD

2021-07-09 * "EDISON POWER" ""
  Assets:US:BofA:Checking                          -65.00 USD
  Expenses:Home:Electricity                         65.00 USD

2021-07-19 * "Verizon Wireless" ""
  Assets:US:BofA:Checking                          -55.44 USD
  Expenses:Home:Phone                               55.44 USD

2021-07-21 * "Wine-Tarner Cable" ""
  Assets:US:BofA:Checking                          -80.08 USD
  Expenses:Home:Internet                            80.08 USD

2021-08-02 balance Assets:US:BofA:Checking        2500.68 USD

2021-08-04 * "BANK FEES" "Monthly bank fee"
  Assets:US:BofA:Checking                           -4.00 USD
  Expenses:Financial:Fees                            4.00 USD

2021-08-06 * "RiverBank Properties" "Paying the rent"
  Assets:US:BofA:Checking                        -2400.00 USD
  Expenses:Home:Rent                              2400.00 USD

2021-08-09 * "EDISON POWER" ""
  Assets:US:BofA:Checking                          -65.00 USD
  Expenses:Home:Electricity                         65.00 USD

2021-08-19 * "Verizon Wireless" ""
  Assets:US:BofA:Checking                          -62.95 USD
  Expenses:Home:Phone                               62.95 USD

2021-08-20 * "Transfering accumulated savings to other account"
  Assets:US:BofA:Checking                           -3000 USD
  Assets:US:ETrade:Cash                              3000 USD

2021-08-21 * "Wine-Tarner Cable" ""
  Assets:US:BofA:Checking                          -79.93 USD
  Expenses:Home:Internet                            79.93 USD

2021-08-23 balance Assets:US:BofA:Checking         885.91 USD

2021-09-04 * "BANK FEES" "Monthly bank fee"
  Assets:US:BofA:Checking                           -4.00 USD
  Expenses:Financial:Fees                            4.00 USD

2021-09-04 * "RiverBank Properties" "Paying the rent"
  Assets:US:BofA:Checking                        -2400.00 USD
  Expenses:Home:Rent                              2400.00 USD

2021-09-09 * "EDISON POWER" ""
  Assets:US:BofA:Checking                          -65.00 USD
  Expenses:Home:Electricity                         65.00 USD

2021-09-16 balance Assets:US:BofA:Checking         307.70 USD

2021-09-18 * "Verizon Wireless" ""
  Assets:US:BofA:Checking                          -68.86 USD
  Expenses:Home:Phone                               68.86 USD

2021-09-23 * "Wine-Tarner Cable" ""
  Assets:US:BofA:Checking                          -79.98 USD
  Expenses:Home:Internet                            79.98 USD

2021-10-04 * "BANK FEES" "Monthly bank fee"
  Assets:US:BofA:Checking                           -4.00 USD
  Expenses:Financial:Fees                            4.00 USD

2021-10-04 * "RiverBank Properties" "Paying the rent"
  Assets:US:BofA:Checking                        -2400.00 USD
  Expenses:Home:Rent                              2400.00 USD

2021-10-09 * "EDISON POWER" ""
  Assets:US:BofA:Checking                          -65.00 USD
  Expenses:Home:Electricity                         65.00 USD

2021-10-11 balance Assets:US:BofA:Checking        2791.06 USD

2021-10-15 * "Transfering accumulated savings to other account"
  Assets:US:BofA:Checking                           -4500 USD
  Assets:US:ETrade:Cash                              4500 USD

2021-10-20 * "Verizon Wireless" ""
  Assets:US:BofA:Checking                          -46.46 USD
  Expenses:Home:Phone                               46.46 USD

2021-10-21 * "Wine-Tarner Cable" ""
  Assets:US:BofA:Checking                          -79.88 USD
  Expenses:Home:Internet                            79.88 USD

2021-11-03 balance Assets:US:BofA:Checking        3041.83 USD

2021-11-04 * "BANK FEES" "Monthly bank fee"
  Assets:US:BofA:Checking                           -4.00 USD
  Expenses:Financial:Fees                            4.00 USD

2021-11-05 * "RiverBank Properties" "Paying the rent"
  Assets:US:BofA:Checking                        -2400.00 USD
  Expenses:Home:Rent                              2400.00 USD

2021-11-09 * "EDISON POWER" ""
  Assets:US:BofA:Checking                          -65.00 USD
  Expenses:Home:Electricity                         65.00 USD

2021-11-20 * "Verizon Wireless" ""
  Assets:US:BofA:Checking                          -62.53 USD
  Expenses:Home:Phone                               62.53 USD

2021-11-22 * "Wine-Tarner Cable" ""
  Assets:US:BofA:Checking                          -79.68 USD
  Expenses:Home:Internet                            79.68 USD

2021-12-01 balance Assets:US:BofA:Checking        4889.00 USD

2021-12-04 * "BANK FEES" "Monthly bank fee"
  Assets:US:BofA:Checking                           -4.00 USD
  Expenses:Financial:Fees                            4.00 USD

2021-12-05 * "RiverBank Properties" "Paying the rent"
  Assets:US:BofA:Checking                        -2400.00 USD
  Expenses:Home:Rent                              2400.00 USD

2021-12-09 * "EDISON POWER" ""
  Assets:US:BofA:Checking                          -65.00 USD
  Expenses:Home:Electricity                         65.00 USD

2021-12-19 * "Verizon Wireless" ""
  Assets:US:BofA:Checking                          -51.40 USD
  Expenses:Home:Phone                               51.40 USD

2021-12-23 * "Wine-Tarner Cable" ""
  Assets:US:BofA:Checking                          -80.02 USD
  Expenses:Home:Internet                            80.02 USD

2021-12-29 balance Assets:US:BofA:Checking        6864.16 USD

2022-01-04 * "BANK FEES" "Monthly bank fee"
  Assets:US:BofA:Checking                           -4.00 USD
  Expenses:Financial:Fees                            4.00 USD

2022-01-06 * "RiverBank Properties" "Paying the rent"
  Assets:US:BofA:Checking                        -2400.00 USD
  Expenses:Home:Rent                              2400.00 USD

2022-01-09 * "EDISON POWER" ""
  Assets:US:BofA:Checking                          -65.00 USD
  Expenses:Home:Electricity                         65.00 USD

2022-01-19 * "Verizon Wireless" ""
  Assets:US:BofA:Checking                          -49.66 USD
  Expenses:Home:Phone                               49.66 USD

2022-01-21 * "Wine-Tarner Cable" ""
  Assets:US:BofA:Checking                          -80.02 USD
  Expenses:Home:Internet                            80.02 USD

2022-01-27 balance Assets:US:BofA:Checking        6313.67 USD

2022-02-03 * "RiverBank Properties" "Paying the rent"
  Assets:US:BofA:Checking                        -2400.00 USD
  Expenses:Home:Rent                              2400.00 USD

2022-02-04 * "BANK FEES" "Monthly bank fee"
  Assets:US:BofA:Checking                           -4.00 USD
  Expenses:Financial:Fees                            4.00 USD

2022-02-09 * "EDISON POWER" ""
  Assets:US:BofA:Checking                          -65.00 USD
  Expenses:Home:Electricity                         65.00 USD

2022-02-20 * "Verizon Wireless" ""
  Assets:US:BofA:Checking                          -63.50 USD
  Expenses:Home:Phone                               63.50 USD

2022-02-22 * "Wine-Tarner Cable" ""
  Assets:US:BofA:Checking                          -80.15 USD
  Expenses:Home:Internet                            80.15 USD

2022-02-25 balance Assets:US:BofA:Checking        5596.49 USD

2022-03-04 * "BANK FEES" "Monthly bank fee"
  Assets:US:BofA:Checking                           -4.00 USD
  Expenses:Financial:Fees                            4.00 USD

2022-03-06 * "RiverBank Properties" "Paying the rent"
  Assets:US:BofA:Checking                        -2400.00 USD
  Expenses:Home:Rent                              2400.00 USD

2022-03-09 * "EDISON POWER" ""
  Assets:US:BofA:Checking                          -65.00 USD
  Expenses:Home:Electricity                         65.00 USD

2022-03-19 * "Verizon Wireless" ""
  Assets:US:BofA:Checking                          -45.47 USD
  Expenses:Home:Phone                               45.47 USD

2022-03-22 * "Wine-Tarner Cable" ""
  Assets:US:BofA:Checking                          -79.78 USD
  Expenses:Home:Internet                            79.78 USD

2022-03-23 balance Assets:US:BofA:Checking        4830.37 USD

2022-04-04 * "BANK FEES" "Monthly bank fee"
  Assets:US:BofA:Checking                           -4.00 USD
  Expenses:Financial:Fees                            4.00 USD

2022-04-06 * "RiverBank Properties" "Paying the rent"
  Assets:US:BofA:Checking                        -2400.00 USD
  Expenses:Home:Rent                              2400.00 USD

2022-04-08 * "EDISON POWER" ""
  Assets:US:BofA:Checking                          -65.00 USD
  Expenses:Home:Electricity                         65.00 USD

2022-04-18 * "Verizon Wireless" ""
  Assets:US:BofA:Checking                          -41.18 USD
  Expenses:Home:Phone                               41.18 USD

2022-04-20 balance Assets:US:BofA:Checking        3970.17 USD

2022-04-21 * "Wine-Tarner Cable" ""
  Assets:US:BofA:Checking                          -80.01 USD
  Expenses:Home:Internet                            80.01 USD

2022-05-04 * "BANK FEES" "Monthly bank fee"
  Assets:US:BofA:Checking                           -4.00 USD
  Expenses:Financial:Fees                            4.00 USD

2022-05-04 * "RiverBank Properties" "Paying the rent"
  Assets:US:BofA:Checking                        -2400.00 USD
  Expenses:Home:Rent                              2400.00 USD

2022-05-08 * "EDISON POWER" ""
  Assets:US:BofA:Checking                          -65.00 USD
  Expenses:Home:Electricity                         65.00 USD

2022-05-18 * "Verizon Wireless" ""
  Assets:US:BofA:Checking                          -67.25 USD
  Expenses:Home:Phone                               67.25 USD

2022-05-20 balance Assets:US:BofA:Checking        3169.62 USD

2022-05-22 * "Wine-Tarner Cable" ""
  Assets:US:BofA:Checking                          -80.09 USD
  Expenses:Home:Internet                            80.09 USD

2022-06-04 * "BANK FEES" "Monthly bank fee"
  Assets:US:BofA:Checking                           -4.00 USD
  Expenses:Financial:Fees                            4.00 USD

2022-06-06 * "RiverBank Properties" "Paying the rent"
  Assets:US:BofA:Checking                        -2400.00 USD
  Expenses:Home:Rent                              2400.00 USD

2022-06-09 * "EDISON POWER" ""
  Assets:US:BofA:Checking                          -65.00 USD
  Expenses:Home:Electricity                         65.00 USD

2022-06-17 balance Assets:US:BofA:Checking        2713.57 USD

2022-06-19 * "Verizon Wireless" ""
  Assets:US:BofA:Checking                          -73.38 USD
  Expenses:Home:Phone                               73.38 USD

2022-06-21 * "Wine-Tarner Cable" ""
  Assets:US:BofA:Checking                          -80.03 USD
  Expenses:Home:Internet                            80.03 USD

2022-07-03 * "RiverBank Properties" "Paying the rent"
  Assets:US:BofA:Checking                        -2400.00 USD
  Expenses:Home:Rent                              2400.00 USD

2022-07-04 * "BANK FEES" "Monthly bank fee"
  Assets:US:BofA:Checking                           -4.00 USD
  Expenses:Financial:Fees                            4.00 USD

2022-07-08 * "EDISON POWER" ""
  Assets:US:BofA:Checking                          -65.00 USD
  Expenses:Home:Electricity                         65.00 USD

2022-07-12 balance Assets:US:BofA:Checking        1984.09 USD

2022-07-18 * "Verizon Wireless" ""
  Assets:US:BofA:Checking                          -51.54 USD
  Expenses:Home:Phone                               51.54 USD

2022-07-21 * "Wine-Tarner Cable" ""
  Assets:US:BofA:Checking                          -80.02 USD
  Expenses:Home:Internet                            80.02 USD

2022-08-03 * "RiverBank Properties" "Paying the rent"
  Assets:US:BofA:Checking                        -2400.00 USD
  Expenses:Home:Rent                              2400.00 USD

2022-08-04 * "BANK FEES" "Monthly bank fee"
  Assets:US:BofA:Checking                           -4.00 USD
  Expenses:Financial:Fees                            4.00 USD

2022-08-08 * "EDISON POWER" ""
  Assets:US:BofA:Checking                          -65.00 USD
  Expenses:Home:Electricity                         65.00 USD

2022-08-10 balance Assets:US:BofA:Checking        2784.73 USD

2022-08-19 * "Verizon Wireless" ""
  Assets:US:BofA:Checking                          -67.56 USD
  Expenses:Home:Phone                               67.56 USD

2022-08-19 * "Transfering accumulated savings to other account"
  Assets:US:BofA:Checking                           -4000 USD
  Assets:US:ETrade:Cash                              4000 USD

2022-08-21 * "Wine-Tarner Cable" ""
  Assets:US:BofA:Checking                          -79.97 USD
  Expenses:Home:Internet                            79.97 USD

2022-09-03 * "RiverBank Properties" "Paying the rent"
  Assets:US:BofA:Checking                        -2400.00 USD
  Expenses:Home:Rent                              2400.00 USD

2022-09-04 * "BANK FEES" "Monthly bank fee"
  Assets:US:BofA:Checking                           -4.00 USD
  Expenses:Financial:Fees                            4.00 USD

2022-09-07 balance Assets:US:BofA:Checking         835.68 USD

2022-09-08 * "EDISON POWER" ""
  Assets:US:BofA:Checking                          -65.00 USD
  Expenses:Home:Electricity                         65.00 USD

2022-09-20 * "Verizon Wireless" ""
  Assets:US:BofA:Checking                          -45.28 USD
  Expenses:Home:Phone                               45.28 USD

2022-09-22 * "Wine-Tarner Cable" ""
  Assets:US:BofA:Checking                          -79.90 USD
  Expenses:Home:Internet                            79.90 USD

2022-10-03 * "RiverBank Properties" "Paying the rent"
  Assets:US:BofA:Checking                        -2400.00 USD
  Expenses:Home:Rent                              2400.00 USD

2022-10-04 * "BANK FEES" "Monthly bank fee"
  Assets:US:BofA:Checking                           -4.00 USD
  Expenses:Financial:Fees                            4.00 USD

2022-10-05 balance Assets:US:BofA:Checking        2894.55 USD

2022-10-08 * "EDISON POWER" ""
  Assets:US:BofA:Checking                          -65.00 USD
  Expenses:Home:Electricity                         65.00 USD

2022-10-14 * "Transfering accumulated savings to other account"
  Assets:US:BofA:Checking                           -3500 USD
  Assets:US:ETrade:Cash                              3500 USD

2022-10-19 * "Verizon Wireless" ""
  Assets:US:BofA:Checking                          -63.22 USD
  Expenses:Home:Phone                               63.22 USD

2022-10-22 * "Wine-Tarner Cable" ""
  Assets:US:BofA:Checking                          -80.01 USD
  Expenses:Home:Internet                            80.01 USD

2022-10-30 balance Assets:US:BofA:Checking        3650.68 USD

2022-11-04 * "BANK FEES" "Monthly bank fee"
  Assets:US:BofA:Checking                           -4.00 USD
  Expenses:Financial:Fees                            4.00 USD

2022-11-05 * "RiverBank Properties" "Paying the rent"
  Assets:US:BofA:Checking                        -2400.00 USD
  Expenses:Home:Rent                              2400.00 USD

2022-11-09 * "EDISON POWER" ""
  Assets:US:BofA:Checking                          -65.00 USD
  Expenses:Home:Electricity                         65.00 USD

2022-11-20 * "Verizon Wireless" ""
  Assets:US:BofA:Checking                          -69.35 USD
  Expenses:Home:Phone                               69.35 USD

2022-11-21 * "Wine-Tarner Cable" ""
  Assets:US:BofA:Checking                          -80.12 USD
  Expenses:Home:Internet                            80.12 USD

2022-11-25 balance Assets:US:BofA:Checking        5462.28 USD

2022-12-03 * "RiverBank Properties" "Paying the rent"
  Assets:US:BofA:Checking                        -2400.00 USD
  Expenses:Home:Rent                              2400.00 USD

2022-12-04 * "BANK FEES" "Monthly bank fee"
  Assets:US:BofA:Checking                           -4.00 USD
  Expenses:Financial:Fees                            4.00 USD

2022-12-08 * "EDISON POWER" ""
  Assets:US:BofA:Checking                          -65.00 USD
  Expenses:Home:Electricity                         65.00 USD

2022-12-09 * "Transfering accumulated savings to other account"
  Assets:US:BofA:Checking                           -3000 USD
  Assets:US:ETrade:Cash                              3000 USD

2022-12-19 * "Verizon Wireless" ""
  Assets:US:BofA:Checking                          -42.80 USD
  Expenses:Home:Phone                               42.80 USD

2022-12-22 balance Assets:US:BofA:Checking        1917.02 USD

2022-12-23 * "Wine-Tarner Cable" ""
  Assets:US:BofA:Checking                          -79.84 USD
  Expenses:Home:Internet                            79.84 USD

2023-01-04 * "BANK FEES" "Monthly bank fee"
  Assets:US:BofA:Checking                           -4.00 USD
  Expenses:Financial:Fees                            4.00 USD

2023-01-04 * "RiverBank Properties" "Paying the rent"
  Assets:US:BofA:Checking                        -2400.00 USD
  Expenses:Home:Rent                              2400.00 USD

2023-01-09 * "EDISON POWER" ""
  Assets:US:BofA:Checking                          -65.00 USD
  Expenses:Home:Electricity                         65.00 USD

2023-01-16 balance Assets:US:BofA:Checking        3010.08 USD

2023-01-19 * "Verizon Wireless" ""
  Assets:US:BofA:Checking                          -76.32 USD
  Expenses:Home:Phone                               76.32 USD

2023-01-22 * "Wine-Tarner Cable" ""
  Assets:US:BofA:Checking                          -79.99 USD
  Expenses:Home:Internet                            79.99 USD

2023-02-04 * "BANK FEES" "Monthly bank fee"
  Assets:US:BofA:Checking                           -4.00 USD
  Expenses:Financial:Fees                            4.00 USD

2023-02-05 * "RiverBank Properties" "Paying the rent"
  Assets:US:BofA:Checking                        -2400.00 USD
  Expenses:Home:Rent                              2400.00 USD

2023-02-07 balance Assets:US:BofA:Checking        3150.97 USD

2023-02-09 * "EDISON POWER" ""
  Assets:US:BofA:Checking                          -65.00 USD
  Expenses:Home:Electricity                         65.00 USD

2023-02-18 * "Verizon Wireless" ""
  Assets:US:BofA:Checking                          -67.61 USD
  Expenses:Home:Phone                               67.61 USD

2023-02-22 * "Wine-Tarner Cable" ""
  Assets:US:BofA:Checking                          -80.05 USD
  Expenses:Home:Internet                            80.05 USD

2023-02-28 balance Assets:US:BofA:Checking        3743.80 USD

2023-03-04 * "BANK FEES" "Monthly bank fee"
  Assets:US:BofA:Checking                           -4.00 USD
  Expenses:Financial:Fees                            4.00 USD

2023-03-05 * "RiverBank Properties" "Paying the rent"
  Assets:US:BofA:Checking                        -2400.00 USD
  Expenses:Home:Rent                              2400.00 USD

2023-03-09 * "EDISON POWER" ""
  Assets:US:BofA:Checking                          -65.00 USD
  Expenses:Home:Electricity                         65.00 USD

2023-03-20 * "Verizon Wireless" ""
  Assets:US:BofA:Checking                          -71.26 USD
  Expenses:Home:Phone                               71.26 USD

2023-03-22 balance Assets:US:BofA:Checking        2476.70 USD

2023-03-23 * "Wine-Tarner Cable" ""
  Assets:US:BofA:Checking                          -79.98 USD
  Expenses:Home:Internet                            79.98 USD

2023-04-04 * "BANK FEES" "Monthly bank fee"
  Assets:US:BofA:Checking                           -4.00 USD
  Expenses:Financial:Fees                            4.00 USD

2023-04-05 * "RiverBank Properties" "Paying the rent"
  Assets:US:BofA:Checking                        -2400.00 USD
  Expenses:Home:Rent                              2400.00 USD

2023-04-09 * "EDISON POWER" ""
  Assets:US:BofA:Checking                          -65.00 USD
  Expenses:Home:Electricity                         65.00 USD

2023-04-11 balance Assets:US:BofA:Checking         281.15 USD

2023-04-20 * "Verizon Wireless" ""
  Assets:US:BofA:Checking                          -65.09 USD
  Expenses:Home:Phone                               65.09 USD

2023-04-22 * "Wine-Tarner Cable" ""
  Assets:US:BofA:Checking                          -79.90 USD
  Expenses:Home:Internet                            79.90 USD

2023-05-04 * "BANK FEES" "Monthly bank fee"
  Assets:US:BofA:Checking                           -4.00 USD
  Expenses:Financial:Fees                            4.00 USD

2023-05-10 balance Assets:US:BofA:Checking        2833.36 USD



* Credit-Cards

1980-05-12 open Liabilities:US:Chase:Slate                      USD

2021-01-02 * "Jewel of Morroco" "Eating out with Joe"
  Liabilities:US:Chase:Slate                       -58.16 USD
  Expenses:Food:Restaurant                          58.16 USD

2021-01-07 * "Chichipotle" "Eating out with Julie"
  Liabilities:US:Chase:Slate                       -38.60 USD
  Expenses:Food:Restaurant                          38.60 USD

2021-01-08 * "Chase:Slate" "Paying off credit card"
  Liabilities:US:Chase:Slate                       162.18 USD
  Assets:US:BofA:Checking                         -162.18 USD

2021-01-09 * "Good Moods Market" "Buying groceries"
  Liabilities:US:Chase:Slate                       -65.42 USD
  Expenses:Food:Groceries                           65.42 USD

2021-01-12 * "Jewel of Morroco" "Eating out after work"
  Liabilities:US:Chase:Slate                       -29.82 USD
  Expenses:Food:Restaurant                          29.82 USD

2021-01-13 * "Cafe Modagor" "Eating out after work"
  Liabilities:US:Chase:Slate                       -29.56 USD
  Expenses:Food:Restaurant                          29.56 USD

2021-01-18 * "Cafe Modagor" "Eating out with Bill"
  Liabilities:US:Chase:Slate                       -20.57 USD
  Expenses:Food:Restaurant                          20.57 USD

2021-01-22 balance Liabilities:US:Chase:Slate      -79.95 USD

2021-01-23 * "Chichipotle" "Eating out with Natasha"
  Liabilities:US:Chase:Slate                       -26.50 USD
  Expenses:Food:Restaurant                          26.50 USD

2021-01-24 * "Farmer Fresh" "Buying groceries"
  Liabilities:US:Chase:Slate                       -70.80 USD
  Expenses:Food:Groceries                           70.80 USD

2021-01-27 * "Uncle Boons" "Eating out after work"
  Liabilities:US:Chase:Slate                       -16.20 USD
  Expenses:Food:Restaurant                          16.20 USD

2021-01-28 * "Goba Goba" "Eating out with Natasha"
  Liabilities:US:Chase:Slate                       -29.85 USD
  Expenses:Food:Restaurant                          29.85 USD

2021-01-28 * "Metro Transport Authority" "Tram tickets"
  Liabilities:US:Chase:Slate                      -120.00 USD
  Expenses:Transport:Tram                          120.00 USD

2021-01-29 * "China Garden" "Eating out "
  Liabilities:US:Chase:Slate                       -86.11 USD
  Expenses:Food:Restaurant                          86.11 USD

2021-02-02 * "Cafe Modagor" "Eating out "
  Liabilities:US:Chase:Slate                       -11.19 USD
  Expenses:Food:Restaurant                          11.19 USD

2021-02-02 * "Good Moods Market" "Buying groceries"
  Liabilities:US:Chase:Slate                       -96.33 USD
  Expenses:Food:Groceries                           96.33 USD

2021-02-03 * "Kin Soy" "Eating out with Natasha"
  Liabilities:US:Chase:Slate                       -63.78 USD
  Expenses:Food:Restaurant                          63.78 USD

2021-02-04 * "Chichipotle" "Eating out with work buddies"
  Liabilities:US:Chase:Slate                       -33.78 USD
  Expenses:Food:Restaurant                          33.78 USD

2021-02-07 * "Corner Deli" "Buying groceries"
  Liabilities:US:Chase:Slate                       -55.32 USD
  Expenses:Food:Groceries                           55.32 USD

2021-02-08 * "Chase:Slate" "Paying off credit card"
  Liabilities:US:Chase:Slate                       714.65 USD
  Assets:US:BofA:Checking                         -714.65 USD

2021-02-09 * "Goba Goba" "Eating out with work buddies"
  Liabilities:US:Chase:Slate                       -24.84 USD
  Expenses:Food:Restaurant                          24.84 USD

2021-02-12 * "Jewel of Morroco" "Eating out with work buddies"
  Liabilities:US:Chase:Slate                       -29.75 USD
  Expenses:Food:Restaurant                          29.75 USD

2021-02-15 * "Goba Goba" "Eating out with Natasha"
  Liabilities:US:Chase:Slate                       -23.05 USD
  Expenses:Food:Restaurant                          23.05 USD

2021-02-16 balance Liabilities:US:Chase:Slate      -52.80 USD

2021-02-17 * "Onion Market" "Buying groceries"
  Liabilities:US:Chase:Slate                       -57.97 USD
  Expenses:Food:Groceries                           57.97 USD

2021-02-18 * "Cafe Modagor" "Eating out alone"
  Liabilities:US:Chase:Slate                       -48.83 USD
  Expenses:Food:Restaurant                          48.83 USD

2021-02-23 * "Chichipotle" "Eating out with work buddies"
  Liabilities:US:Chase:Slate                       -43.87 USD
  Expenses:Food:Restaurant                          43.87 USD

2021-02-24 * "Metro Transport Authority" "Tram tickets"
  Liabilities:US:Chase:Slate                      -120.00 USD
  Expenses:Transport:Tram                          120.00 USD

2021-02-26 * "Goba Goba" "Eating out with work buddies"
  Liabilities:US:Chase:Slate                       -18.99 USD
  Expenses:Food:Restaurant                          18.99 USD

2021-02-28 * "Chichipotle" "Eating out "
  Liabilities:US:Chase:Slate                       -21.60 USD
  Expenses:Food:Restaurant                          21.60 USD

2021-03-01 * "Kin Soy" "Eating out with Julie"
  Liabilities:US:Chase:Slate                       -20.84 USD
  Expenses:Food:Restaurant                          20.84 USD

2021-03-01 * "Good Moods Market" "Buying groceries"
  Liabilities:US:Chase:Slate                       -79.31 USD
  Expenses:Food:Groceries                           79.31 USD

2021-03-03 * "Goba Goba" "Eating out with Joe"
  Liabilities:US:Chase:Slate                       -20.69 USD
  Expenses:Food:Restaurant                          20.69 USD

2021-03-05 * "Chichipotle" "Eating out after work"
  Liabilities:US:Chase:Slate                       -23.78 USD
  Expenses:Food:Restaurant                          23.78 USD

2021-03-06 * "Kin Soy" "Eating out "
  Liabilities:US:Chase:Slate                       -40.02 USD
  Expenses:Food:Restaurant                          40.02 USD

2021-03-07 * "Jewel of Morroco" "Eating out with Bill"
  Liabilities:US:Chase:Slate                       -34.24 USD
  Expenses:Food:Restaurant                          34.24 USD

2021-03-09 * "Chase:Slate" "Paying off credit card"
  Liabilities:US:Chase:Slate                       625.13 USD
  Assets:US:BofA:Checking                         -625.13 USD

2021-03-10 * "Goba Goba" "Eating out with Natasha"
  Liabilities:US:Chase:Slate                       -42.19 USD
  Expenses:Food:Restaurant                          42.19 USD

2021-03-12 balance Liabilities:US:Chase:Slate           0 USD

2021-03-12 * "Jewel of Morroco" "Eating out after work"
  Liabilities:US:Chase:Slate                       -21.45 USD
  Expenses:Food:Restaurant                          21.45 USD

2021-03-15 * "Uncle Boons" "Eating out "
  Liabilities:US:Chase:Slate                       -23.75 USD
  Expenses:Food:Restaurant                          23.75 USD

2021-03-17 * "Corner Deli" "Buying groceries"
  Liabilities:US:Chase:Slate                       -69.07 USD
  Expenses:Food:Groceries                           69.07 USD

2021-03-19 * "Rose Flower" "Eating out with Joe"
  Liabilities:US:Chase:Slate                       -59.55 USD
  Expenses:Food:Restaurant                          59.55 USD

2021-03-21 * "Uncle Boons" "Eating out with Natasha"
  Liabilities:US:Chase:Slate                       -38.67 USD
  Expenses:Food:Restaurant                          38.67 USD

2021-03-23 * "Goba Goba" "Eating out with Julie"
  Liabilities:US:Chase:Slate                       -25.35 USD
  Expenses:Food:Restaurant                          25.35 USD

2021-03-25 * "Farmer Fresh" "Buying groceries"
  Liabilities:US:Chase:Slate                       -83.88 USD
  Expenses:Food:Groceries                           83.88 USD

2021-03-25 * "Metro Transport Authority" "Tram tickets"
  Liabilities:US:Chase:Slate                      -120.00 USD
  Expenses:Transport:Tram                          120.00 USD

2021-03-28 * "Cafe Modagor" "Eating out with Natasha"
  Liabilities:US:Chase:Slate                       -24.50 USD
  Expenses:Food:Restaurant                          24.50 USD

2021-03-31 * "Jewel of Morroco" "Eating out "
  Liabilities:US:Chase:Slate                       -31.30 USD
  Expenses:Food:Restaurant                          31.30 USD

2021-04-01 * "Goba Goba" "Eating out with Natasha"
  Liabilities:US:Chase:Slate                       -34.18 USD
  Expenses:Food:Restaurant                          34.18 USD

2021-04-03 * "Goba Goba" "Eating out with work buddies"
  Liabilities:US:Chase:Slate                       -31.30 USD
  Expenses:Food:Restaurant                          31.30 USD

2021-04-04 * "Onion Market" "Buying groceries"
  Liabilities:US:Chase:Slate                       -82.99 USD
  Expenses:Food:Groceries                           82.99 USD

2021-04-05 * "China Garden" "Eating out with Joe"
  Liabilities:US:Chase:Slate                       -28.61 USD
  Expenses:Food:Restaurant                          28.61 USD

2021-04-06 balance Liabilities:US:Chase:Slate     -674.60 USD

2021-04-07 * "Jewel of Morroco" "Eating out with Bill"
  Liabilities:US:Chase:Slate                       -65.99 USD
  Expenses:Food:Restaurant                          65.99 USD

2021-04-11 * "Onion Market" "Buying groceries"
  Liabilities:US:Chase:Slate                       -64.57 USD
  Expenses:Food:Groceries                           64.57 USD

2021-04-11 * "Chase:Slate" "Paying off credit card"
  Liabilities:US:Chase:Slate                       805.16 USD
  Assets:US:BofA:Checking                         -805.16 USD

2021-04-12 * "Rose Flower" "Eating out with work buddies"
  Liabilities:US:Chase:Slate                       -30.26 USD
  Expenses:Food:Restaurant                          30.26 USD

2021-04-13 * "Jewel of Morroco" "Eating out after work"
  Liabilities:US:Chase:Slate                       -39.63 USD
  Expenses:Food:Restaurant                          39.63 USD

2021-04-16 * "China Garden" "Eating out with Natasha"
  Liabilities:US:Chase:Slate                       -33.18 USD
  Expenses:Food:Restaurant                          33.18 USD

2021-04-19 * "Uncle Boons" "Eating out with Julie"
  Liabilities:US:Chase:Slate                       -33.56 USD
  Expenses:Food:Restaurant                          33.56 USD

2021-04-23 * "Metro Transport Authority" "Tram tickets"
  Liabilities:US:Chase:Slate                      -120.00 USD
  Expenses:Transport:Tram                          120.00 USD

2021-04-24 * "Kin Soy" "Eating out with Natasha"
  Liabilities:US:Chase:Slate                       -22.57 USD
  Expenses:Food:Restaurant                          22.57 USD

2021-04-28 balance Liabilities:US:Chase:Slate     -279.20 USD

2021-04-29 * "Uncle Boons" "Eating out with Bill"
  Liabilities:US:Chase:Slate                       -73.29 USD
  Expenses:Food:Restaurant                          73.29 USD

2021-04-29 * "Corner Deli" "Buying groceries"
  Liabilities:US:Chase:Slate                       -85.01 USD
  Expenses:Food:Groceries                           85.01 USD

2021-05-02 * "Jewel of Morroco" "Eating out with Natasha"
  Liabilities:US:Chase:Slate                       -28.44 USD
  Expenses:Food:Restaurant                          28.44 USD

2021-05-03 * "Kin Soy" "Eating out with Julie"
  Liabilities:US:Chase:Slate                       -36.18 USD
  Expenses:Food:Restaurant                          36.18 USD

2021-05-05 * "Good Moods Market" "Buying groceries"
  Liabilities:US:Chase:Slate                      -120.99 USD
  Expenses:Food:Groceries                          120.99 USD

2021-05-08 * "China Garden" "Eating out with Natasha"
  Liabilities:US:Chase:Slate                       -64.00 USD
  Expenses:Food:Restaurant                          64.00 USD

2021-05-11 * "Cafe Modagor" "Eating out with work buddies"
  Liabilities:US:Chase:Slate                       -25.29 USD
  Expenses:Food:Restaurant                          25.29 USD

2021-05-11 * "Chase:Slate" "Paying off credit card"
  Liabilities:US:Chase:Slate                       712.40 USD
  Assets:US:BofA:Checking                         -712.40 USD

2021-05-12 * "Goba Goba" "Eating out with Joe"
  Liabilities:US:Chase:Slate                       -49.72 USD
  Expenses:Food:Restaurant                          49.72 USD

2021-05-13 * "Farmer Fresh" "Buying groceries"
  Liabilities:US:Chase:Slate                       -41.63 USD
  Expenses:Food:Groceries                           41.63 USD

2021-05-15 * "China Garden" "Eating out with work buddies"
  Liabilities:US:Chase:Slate                       -19.94 USD
  Expenses:Food:Restaurant                          19.94 USD

2021-05-17 * "Cafe Modagor" "Eating out with Julie"
  Liabilities:US:Chase:Slate                       -28.28 USD
  Expenses:Food:Restaurant                          28.28 USD

2021-05-20 * "Metro Transport Authority" "Tram tickets"
  Liabilities:US:Chase:Slate                      -120.00 USD
  Expenses:Transport:Tram                          120.00 USD

2021-05-22 * "China Garden" "Eating out "
  Liabilities:US:Chase:Slate                       -25.99 USD
  Expenses:Food:Restaurant                          25.99 USD

2021-05-23 * "Farmer Fresh" "Buying groceries"
  Liabilities:US:Chase:Slate                       -57.99 USD
  Expenses:Food:Groceries                           57.99 USD

2021-05-25 * "Uncle Boons" "Eating out alone"
  Liabilities:US:Chase:Slate                       -40.22 USD
  Expenses:Food:Restaurant                          40.22 USD

2021-05-26 balance Liabilities:US:Chase:Slate     -383.77 USD

2021-05-28 * "Jewel of Morroco" "Eating out with Julie"
  Liabilities:US:Chase:Slate                       -30.99 USD
  Expenses:Food:Restaurant                          30.99 USD

2021-06-02 * "Chichipotle" "Eating out with Joe"
  Liabilities:US:Chase:Slate                       -31.50 USD
  Expenses:Food:Restaurant                          31.50 USD

2021-06-05 * "Jewel of Morroco" "Eating out "
  Liabilities:US:Chase:Slate                       -19.28 USD
  Expenses:Food:Restaurant                          19.28 USD

2021-06-06 * "Goba Goba" "Eating out with Julie"
  Liabilities:US:Chase:Slate                       -22.22 USD
  Expenses:Food:Restaurant                          22.22 USD

2021-06-08 * "Goba Goba" "Eating out with work buddies"
  Liabilities:US:Chase:Slate                       -20.74 USD
  Expenses:Food:Restaurant                          20.74 USD

2021-06-08 * "Chase:Slate" "Paying off credit card"
  Liabilities:US:Chase:Slate                       508.50 USD
  Assets:US:BofA:Checking                         -508.50 USD

2021-06-11 * "China Garden" "Eating out with work buddies"
  Liabilities:US:Chase:Slate                       -15.79 USD
  Expenses:Food:Restaurant                          15.79 USD

2021-06-11 * "Onion Market" "Buying groceries"
  Liabilities:US:Chase:Slate                       -82.90 USD
  Expenses:Food:Groceries                           82.90 USD

2021-06-15 * "Cafe Modagor" "Eating out "
  Liabilities:US:Chase:Slate                       -19.27 USD
  Expenses:Food:Restaurant                          19.27 USD

2021-06-17 * "Metro Transport Authority" "Tram tickets"
  Liabilities:US:Chase:Slate                      -120.00 USD
  Expenses:Transport:Tram                          120.00 USD

2021-06-18 * "Rose Flower" "Eating out with Joe"
  Liabilities:US:Chase:Slate                       -28.97 USD
  Expenses:Food:Restaurant                          28.97 USD

2021-06-19 * "Rose Flower" "Eating out after work"
  Liabilities:US:Chase:Slate                       -22.31 USD
  Expenses:Food:Restaurant                          22.31 USD

2021-06-20 * "Goba Goba" "Eating out alone"
  Liabilities:US:Chase:Slate                       -30.57 USD
  Expenses:Food:Restaurant                          30.57 USD

2021-06-24 balance Liabilities:US:Chase:Slate     -319.81 USD

2021-06-24 * "Chichipotle" "Eating out with Natasha"
  Liabilities:US:Chase:Slate                       -23.58 USD
  Expenses:Food:Restaurant                          23.58 USD

2021-06-27 * "China Garden" "Eating out "
  Liabilities:US:Chase:Slate                       -19.60 USD
  Expenses:Food:Restaurant                          19.60 USD

2021-06-27 * "Corner Deli" "Buying groceries"
  Liabilities:US:Chase:Slate                      -108.84 USD
  Expenses:Food:Groceries                          108.84 USD

2021-07-02 * "Cafe Modagor" "Eating out with work buddies"
  Liabilities:US:Chase:Slate                       -36.69 USD
  Expenses:Food:Restaurant                          36.69 USD

2021-07-06 * "Uncle Boons" "Eating out "
  Liabilities:US:Chase:Slate                       -34.48 USD
  Expenses:Food:Restaurant                          34.48 USD

2021-07-06 * "Farmer Fresh" "Buying groceries"
  Liabilities:US:Chase:Slate                       -76.45 USD
  Expenses:Food:Groceries                           76.45 USD

2021-07-07 * "Chase:Slate" "Paying off credit card"
  Liabilities:US:Chase:Slate                       643.74 USD
  Assets:US:BofA:Checking                         -643.74 USD

2021-07-09 * "Uncle Boons" "Eating out after work"
  Liabilities:US:Chase:Slate                       -24.29 USD
  Expenses:Food:Restaurant                          24.29 USD

2021-07-11 * "China Garden" "Eating out with Bill"
  Liabilities:US:Chase:Slate                       -33.98 USD
  Expenses:Food:Restaurant                          33.98 USD

2021-07-14 balance Liabilities:US:Chase:Slate      -33.98 USD

2021-07-15 * "Metro Transport Authority" "Tram tickets"
  Liabilities:US:Chase:Slate                      -120.00 USD
  Expenses:Transport:Tram                          120.00 USD

2021-07-16 * "Rose Flower" "Eating out with Bill"
  Liabilities:US:Chase:Slate                       -26.94 USD
  Expenses:Food:Restaurant                          26.94 USD

2021-07-18 * "Chichipotle" "Eating out with Julie"
  Liabilities:US:Chase:Slate                       -32.54 USD
  Expenses:Food:Restaurant                          32.54 USD

2021-07-23 * "Jewel of Morroco" "Eating out with work buddies"
  Liabilities:US:Chase:Slate                       -24.07 USD
  Expenses:Food:Restaurant                          24.07 USD

2021-07-24 * "Onion Market" "Buying groceries"
  Liabilities:US:Chase:Slate                       -80.01 USD
  Expenses:Food:Groceries                           80.01 USD

2021-07-26 * "China Garden" "Eating out with Julie"
  Liabilities:US:Chase:Slate                       -28.30 USD
  Expenses:Food:Restaurant                          28.30 USD

2021-07-30 * "Cafe Modagor" "Eating out "
  Liabilities:US:Chase:Slate                       -19.74 USD
  Expenses:Food:Restaurant                          19.74 USD

2021-07-31 * "Corner Deli" "Buying groceries"
  Liabilities:US:Chase:Slate                       -77.88 USD
  Expenses:Food:Groceries                           77.88 USD

2021-08-04 * "Chichipotle" "Eating out with Natasha"
  Liabilities:US:Chase:Slate                       -25.76 USD
  Expenses:Food:Restaurant                          25.76 USD

2021-08-07 * "China Garden" "Eating out after work"
  Liabilities:US:Chase:Slate                       -43.32 USD
  Expenses:Food:Restaurant                          43.32 USD

2021-08-09 * "Jewel of Morroco" "Eating out with Joe"
  Liabilities:US:Chase:Slate                       -55.24 USD
  Expenses:Food:Restaurant                          55.24 USD

2021-08-11 * "Chase:Slate" "Paying off credit card"
  Liabilities:US:Chase:Slate                       604.09 USD
  Assets:US:BofA:Checking                         -604.09 USD

2021-08-12 balance Liabilities:US:Chase:Slate       36.31 USD

2021-08-12 * "Chichipotle" "Eating out "
  Liabilities:US:Chase:Slate                       -36.31 USD
  Expenses:Food:Restaurant                          36.31 USD

2021-08-12 * "Metro Transport Authority" "Tram tickets"
  Liabilities:US:Chase:Slate                      -120.00 USD
  Expenses:Transport:Tram                          120.00 USD

2021-08-13 * "Kin Soy" "Eating out after work"
  Liabilities:US:Chase:Slate                       -21.25 USD
  Expenses:Food:Restaurant                          21.25 USD

2021-08-14 * "Cafe Modagor" "Eating out with Natasha"
  Liabilities:US:Chase:Slate                       -33.13 USD
  Expenses:Food:Restaurant                          33.13 USD

2021-08-18 * "Uncle Boons" "Eating out "
  Liabilities:US:Chase:Slate                       -81.42 USD
  Expenses:Food:Restaurant                          81.42 USD

2021-08-18 * "Corner Deli" "Buying groceries"
  Liabilities:US:Chase:Slate                       -71.20 USD
  Expenses:Food:Groceries                           71.20 USD

2021-08-20 * "Cafe Modagor" "Eating out with Bill"
  Liabilities:US:Chase:Slate                       -26.37 USD
  Expenses:Food:Restaurant                          26.37 USD

2021-08-23 * "Uncle Boons" "Eating out with Natasha"
  Liabilities:US:Chase:Slate                       -51.23 USD
  Expenses:Food:Restaurant                          51.23 USD

2021-08-26 * "Goba Goba" "Eating out with work buddies"
  Liabilities:US:Chase:Slate                       -48.86 USD
  Expenses:Food:Restaurant                          48.86 USD

2021-08-31 * "China Garden" "Eating out after work"
  Liabilities:US:Chase:Slate                       -62.73 USD
  Expenses:Food:Restaurant                          62.73 USD

2021-09-01 balance Liabilities:US:Chase:Slate     -516.19 USD

2021-09-02 * "Rose Flower" "Eating out alone"
  Liabilities:US:Chase:Slate                       -57.68 USD
  Expenses:Food:Restaurant                          57.68 USD

2021-09-04 event "location" "Boston"

2021-09-05 * "Franklin Cafe" "" #trip-boston-2021
  Liabilities:US:Chase:Slate                       -29.98 USD
  Expenses:Food:Restaurant                          29.98 USD

2021-09-05 * "Starbucks" "" #trip-boston-2021
  Liabilities:US:Chase:Slate                        -7.03 USD
  Expenses:Food:Coffee                               7.03 USD

2021-09-06 * "Legal Seafood" "" #trip-boston-2021
  Liabilities:US:Chase:Slate                       -37.89 USD
  Expenses:Food:Restaurant                          37.89 USD

2021-09-07 * "Franklin Cafe" "" #trip-boston-2021
  Liabilities:US:Chase:Slate                       -33.19 USD
  Expenses:Food:Restaurant                          33.19 USD

2021-09-08 * "Giacomo's Restaurant" "" #trip-boston-2021
  Liabilities:US:Chase:Slate                       -39.71 USD
  Expenses:Food:Restaurant                          39.71 USD

2021-09-08 * "Legal Seafood" "" #trip-boston-2021
  Liabilities:US:Chase:Slate                       -33.13 USD
  Expenses:Food:Restaurant                          33.13 USD

2021-09-09 * "Legal Seafood" "" #trip-boston-2021
  Liabilities:US:Chase:Slate                       -31.80 USD
  Expenses:Food:Restaurant                          31.80 USD

2021-09-09 * "Franklin Cafe" "" #trip-boston-2021
  Liabilities:US:Chase:Slate                       -28.18 USD
  Expenses:Food:Restaurant                          28.18 USD

2021-09-10 * "Starbucks" "" #trip-boston-2021
  Liabilities:US:Chase:Slate                        -5.79 USD
  Expenses:Food:Coffee                               5.79 USD

2021-09-10 * "Chase:Slate" "Paying off credit card"
  Liabilities:US:Chase:Slate                       659.81 USD
  Assets:US:BofA:Checking                         -659.81 USD

2021-09-11 * "Giacomo's Restaurant" "" #trip-boston-2021
  Liabilities:US:Chase:Slate                       -39.40 USD
  Expenses:Food:Restaurant                          39.40 USD

2021-09-11 * "Franklin Cafe" "" #trip-boston-2021
  Liabilities:US:Chase:Slate                       -22.51 USD
  Expenses:Food:Restaurant                          22.51 USD

2021-09-13 * "Giacomo's Restaurant" "" #trip-boston-2021
  Liabilities:US:Chase:Slate                       -43.77 USD
  Expenses:Food:Restaurant                          43.77 USD

2021-09-13 * "Starbucks" "" #trip-boston-2021
  Liabilities:US:Chase:Slate                        -5.52 USD
  Expenses:Food:Coffee                               5.52 USD

2021-09-14 * "Legal Seafood" "" #trip-boston-2021
  Liabilities:US:Chase:Slate                       -34.93 USD
  Expenses:Food:Restaurant                          34.93 USD

2021-09-14 * "Starbucks" "" #trip-boston-2021
  Liabilities:US:Chase:Slate                        -6.49 USD
  Expenses:Food:Coffee                               6.49 USD

2021-09-15 * "Giacomo's Restaurant" "" #trip-boston-2021
  Liabilities:US:Chase:Slate                       -48.34 USD
  Expenses:Food:Restaurant                          48.34 USD

2021-09-15 * "Franklin Cafe" "" #trip-boston-2021
  Liabilities:US:Chase:Slate                       -29.42 USD
  Expenses:Food:Restaurant                          29.42 USD

2021-09-15 * "Starbucks" "" #trip-boston-2021
  Liabilities:US:Chase:Slate                        -6.51 USD
  Expenses:Food:Coffee                               6.51 USD

2021-09-18 * "Franklin Cafe" "" #trip-boston-2021
  Liabilities:US:Chase:Slate                       -28.80 USD
  Expenses:Food:Restaurant                          28.80 USD

2021-09-19 * "Giacomo's Restaurant" "" #trip-boston-2021
  Liabilities:US:Chase:Slate                       -34.81 USD
  Expenses:Food:Restaurant                          34.81 USD

2021-09-19 * "Franklin Cafe" "" #trip-boston-2021
  Liabilities:US:Chase:Slate                       -27.62 USD
  Expenses:Food:Restaurant                          27.62 USD

2021-09-19 * "Starbucks" "" #trip-boston-2021
  Liabilities:US:Chase:Slate                        -5.06 USD
  Expenses:Food:Coffee                               5.06 USD

2021-09-21 * "Giacomo's Restaurant" "" #trip-boston-2021
  Liabilities:US:Chase:Slate                       -43.40 USD
  Expenses:Food:Restaurant                          43.40 USD

2021-09-21 * "Franklin Cafe" "" #trip-boston-2021
  Liabilities:US:Chase:Slate                       -35.40 USD
  Expenses:Food:Restaurant                          35.40 USD

2021-09-21 * "Starbucks" "" #trip-boston-2021
  Liabilities:US:Chase:Slate                        -5.48 USD
  Expenses:Food:Coffee                               5.48 USD

2021-09-22 * "Legal Seafood" "" #trip-boston-2021
  Liabilities:US:Chase:Slate                       -41.05 USD
  Expenses:Food:Restaurant                          41.05 USD

2021-09-22 * "Starbucks" "" #trip-boston-2021
  Liabilities:US:Chase:Slate                        -6.32 USD
  Expenses:Food:Coffee                               6.32 USD

2021-09-23 * "Franklin Cafe" "" #trip-boston-2021
  Liabilities:US:Chase:Slate                       -32.21 USD
  Expenses:Food:Restaurant                          32.21 USD

2021-09-24 * "Giacomo's Restaurant" "" #trip-boston-2021
  Liabilities:US:Chase:Slate                       -31.84 USD
  Expenses:Food:Restaurant                          31.84 USD

2021-09-24 * "Consume vacation days"
  Assets:US:Hoogle:Vacation                          -160 VACHR
  Expenses:Vacation                                   160 VACHR

2021-09-24 event "location" "New Metropolis"

2021-09-26 * "Farmer Fresh" "Buying groceries"
  Liabilities:US:Chase:Slate                       -85.94 USD
  Expenses:Food:Groceries                           85.94 USD

2021-09-28 * "Chichipotle" "Eating out with Joe"
  Liabilities:US:Chase:Slate                       -25.78 USD
  Expenses:Food:Restaurant                          25.78 USD

2021-10-01 balance Liabilities:US:Chase:Slate     -801.36 USD

2021-10-01 * "Rose Flower" "Eating out "
  Liabilities:US:Chase:Slate                       -22.44 USD
  Expenses:Food:Restaurant                          22.44 USD

2021-10-04 * "Kin Soy" "Eating out with Julie"
  Liabilities:US:Chase:Slate                       -15.12 USD
  Expenses:Food:Restaurant                          15.12 USD

2021-10-07 * "Good Moods Market" "Buying groceries"
  Liabilities:US:Chase:Slate                      -103.07 USD
  Expenses:Food:Groceries                          103.07 USD

2021-10-08 * "Kin Soy" "Eating out after work"
  Liabilities:US:Chase:Slate                       -31.63 USD
  Expenses:Food:Restaurant                          31.63 USD

2021-10-11 * "Chase:Slate" "Paying off credit card"
  Liabilities:US:Chase:Slate                       224.09 USD
  Assets:US:BofA:Checking                         -224.09 USD

2021-10-12 * "Kin Soy" "Eating out with Julie"
  Liabilities:US:Chase:Slate                       -26.05 USD
  Expenses:Food:Restaurant                          26.05 USD

2021-10-15 * "Metro Transport Authority" "Tram tickets"
  Liabilities:US:Chase:Slate                      -120.00 USD
  Expenses:Transport:Tram                          120.00 USD

2021-10-16 * "Kin Soy" "Eating out alone"
  Liabilities:US:Chase:Slate                       -46.68 USD
  Expenses:Food:Restaurant                          46.68 USD

2021-10-20 * "Jewel of Morroco" "Eating out "
  Liabilities:US:Chase:Slate                       -27.58 USD
  Expenses:Food:Restaurant                          27.58 USD

2021-10-22 * "Kin Soy" "Eating out alone"
  Liabilities:US:Chase:Slate                       -22.13 USD
  Expenses:Food:Restaurant                          22.13 USD

2021-10-24 * "Goba Goba" "Eating out "
  Liabilities:US:Chase:Slate                       -19.16 USD
  Expenses:Food:Restaurant                          19.16 USD

2021-10-26 * "Chichipotle" "Eating out with Julie"
  Liabilities:US:Chase:Slate                       -32.62 USD
  Expenses:Food:Restaurant                          32.62 USD

2021-10-26 * "Corner Deli" "Buying groceries"
  Liabilities:US:Chase:Slate                       -79.24 USD
  Expenses:Food:Groceries                           79.24 USD

2021-10-27 * "Chichipotle" "Eating out with work buddies"
  Liabilities:US:Chase:Slate                       -12.65 USD
  Expenses:Food:Restaurant                          12.65 USD

2021-10-28 balance Liabilities:US:Chase:Slate    -1135.64 USD

2021-10-29 * "Goba Goba" "Eating out with Bill"
  Liabilities:US:Chase:Slate                       -32.49 USD
  Expenses:Food:Restaurant                          32.49 USD

2021-10-30 * "Chichipotle" "Eating out with Bill"
  Liabilities:US:Chase:Slate                       -32.68 USD
  Expenses:Food:Restaurant                          32.68 USD

2021-10-31 * "China Garden" "Eating out alone"
  Liabilities:US:Chase:Slate                       -43.85 USD
  Expenses:Food:Restaurant                          43.85 USD

2021-11-03 * "China Garden" "Eating out after work"
  Liabilities:US:Chase:Slate                       -26.60 USD
  Expenses:Food:Restaurant                          26.60 USD

2021-11-06 * "Goba Goba" "Eating out "
  Liabilities:US:Chase:Slate                       -34.68 USD
  Expenses:Food:Restaurant                          34.68 USD

2021-11-06 * "Corner Deli" "Buying groceries"
  Liabilities:US:Chase:Slate                       -88.32 USD
  Expenses:Food:Groceries                           88.32 USD

2021-11-11 * "Rose Flower" "Eating out with Julie"
  Liabilities:US:Chase:Slate                       -24.14 USD
  Expenses:Food:Restaurant                          24.14 USD

2021-11-11 * "Metro Transport Authority" "Tram tickets"
  Liabilities:US:Chase:Slate                      -120.00 USD
  Expenses:Transport:Tram                          120.00 USD

2021-11-11 * "Chase:Slate" "Paying off credit card"
  Liabilities:US:Chase:Slate                       642.82 USD
  Assets:US:BofA:Checking                         -642.82 USD

2021-11-12 * "Uncle Boons" "Eating out with Joe"
  Liabilities:US:Chase:Slate                       -32.23 USD
  Expenses:Food:Restaurant                          32.23 USD

2021-11-12 * "Farmer Fresh" "Buying groceries"
  Liabilities:US:Chase:Slate                       -82.19 USD
  Expenses:Food:Groceries                           82.19 USD

2021-11-17 * "Cafe Modagor" "Eating out alone"
  Liabilities:US:Chase:Slate                       -52.54 USD
  Expenses:Food:Restaurant                          52.54 USD

2021-11-18 * "Farmer Fresh" "Buying groceries"
  Liabilities:US:Chase:Slate                      -128.66 USD
  Expenses:Food:Groceries                          128.66 USD

2021-11-19 * "Kin Soy" "Eating out alone"
  Liabilities:US:Chase:Slate                       -58.41 USD
  Expenses:Food:Restaurant                          58.41 USD

2021-11-21 * "Chichipotle" "Eating out with work buddies"
  Liabilities:US:Chase:Slate                       -20.62 USD
  Expenses:Food:Restaurant                          20.62 USD

2021-11-24 balance Liabilities:US:Chase:Slate    -1270.23 USD

2021-11-24 * "Uncle Boons" "Eating out with Bill"
  Liabilities:US:Chase:Slate                       -30.39 USD
  Expenses:Food:Restaurant                          30.39 USD

2021-11-29 * "Uncle Boons" "Eating out with Natasha"
  Liabilities:US:Chase:Slate                       -17.10 USD
  Expenses:Food:Restaurant                          17.10 USD

2021-11-30 * "Corner Deli" "Buying groceries"
  Liabilities:US:Chase:Slate                       -78.84 USD
  Expenses:Food:Groceries                           78.84 USD

2021-12-03 * "Rose Flower" "Eating out with Joe"
  Liabilities:US:Chase:Slate                       -20.41 USD
  Expenses:Food:Restaurant                          20.41 USD

2021-12-05 * "China Garden" "Eating out alone"
  Liabilities:US:Chase:Slate                       -20.39 USD
  Expenses:Food:Restaurant                          20.39 USD

2021-12-09 * "Jewel of Morroco" "Eating out alone"
  Liabilities:US:Chase:Slate                       -15.12 USD
  Expenses:Food:Restaurant                          15.12 USD

2021-12-09 * "Metro Transport Authority" "Tram tickets"
  Liabilities:US:Chase:Slate                      -120.00 USD
  Expenses:Transport:Tram                          120.00 USD

2021-12-10 * "Jewel of Morroco" "Eating out with Natasha"
  Liabilities:US:Chase:Slate                       -48.72 USD
  Expenses:Food:Restaurant                          48.72 USD

2021-12-10 * "Chase:Slate" "Paying off credit card"
  Liabilities:US:Chase:Slate                       845.62 USD
  Assets:US:BofA:Checking                         -845.62 USD

2021-12-15 * "Uncle Boons" "Eating out with Joe"
  Liabilities:US:Chase:Slate                       -30.45 USD
  Expenses:Food:Restaurant                          30.45 USD

2021-12-16 balance Liabilities:US:Chase:Slate     -806.03 USD

2021-12-17 * "Farmer Fresh" "Buying groceries"
  Liabilities:US:Chase:Slate                       -75.60 USD
  Expenses:Food:Groceries                           75.60 USD

2021-12-19 * "Kin Soy" "Eating out alone"
  Liabilities:US:Chase:Slate                      -118.42 USD
  Expenses:Food:Restaurant                         118.42 USD

2021-12-21 * "Kin Soy" "Eating out with Bill"
  Liabilities:US:Chase:Slate                       -47.83 USD
  Expenses:Food:Restaurant                          47.83 USD

2021-12-23 * "Jewel of Morroco" "Eating out alone"
  Liabilities:US:Chase:Slate                       -21.08 USD
  Expenses:Food:Restaurant                          21.08 USD

2021-12-28 * "Chichipotle" "Eating out with Julie"
  Liabilities:US:Chase:Slate                       -32.30 USD
  Expenses:Food:Restaurant                          32.30 USD

2022-01-01 * "Goba Goba" "Eating out with Julie"
  Liabilities:US:Chase:Slate                       -29.47 USD
  Expenses:Food:Restaurant                          29.47 USD

2022-01-02 * "Cafe Modagor" "Eating out with Natasha"
  Liabilities:US:Chase:Slate                       -19.19 USD
  Expenses:Food:Restaurant                          19.19 USD

2022-01-03 * "Good Moods Market" "Buying groceries"
  Liabilities:US:Chase:Slate                      -117.83 USD
  Expenses:Food:Groceries                          117.83 USD

2022-01-07 * "Kin Soy" "Eating out after work"
  Liabilities:US:Chase:Slate                       -66.52 USD
  Expenses:Food:Restaurant                          66.52 USD

2022-01-08 balance Liabilities:US:Chase:Slate    -1334.27 USD

2022-01-09 * "Kin Soy" "Eating out with Natasha"
  Liabilities:US:Chase:Slate                       -94.32 USD
  Expenses:Food:Restaurant                          94.32 USD

2022-01-09 * "Corner Deli" "Buying groceries"
  Liabilities:US:Chase:Slate                       -55.99 USD
  Expenses:Food:Groceries                           55.99 USD

2022-01-09 * "Metro Transport Authority" "Tram tickets"
  Liabilities:US:Chase:Slate                      -120.00 USD
  Expenses:Transport:Tram                          120.00 USD

2022-01-09 * "Chase:Slate" "Paying off credit card"
  Liabilities:US:Chase:Slate                       653.01 USD
  Assets:US:BofA:Checking                         -653.01 USD

2022-01-11 * "Goba Goba" "Eating out with Bill"
  Liabilities:US:Chase:Slate                       -16.77 USD
  Expenses:Food:Restaurant                          16.77 USD

2022-01-13 * "Kin Soy" "Eating out after work"
  Liabilities:US:Chase:Slate                       -22.34 USD
  Expenses:Food:Restaurant                          22.34 USD

2022-01-16 * "Onion Market" "Buying groceries"
  Liabilities:US:Chase:Slate                       -96.10 USD
  Expenses:Food:Groceries                           96.10 USD

2022-01-18 * "Cafe Modagor" "Eating out alone"
  Liabilities:US:Chase:Slate                       -25.99 USD
  Expenses:Food:Restaurant                          25.99 USD

2022-01-22 * "Jewel of Morroco" "Eating out with Joe"
  Liabilities:US:Chase:Slate                       -34.13 USD
  Expenses:Food:Restaurant                          34.13 USD

2022-01-26 * "Jewel of Morroco" "Eating out with Natasha"
  Liabilities:US:Chase:Slate                       -21.84 USD
  Expenses:Food:Restaurant                          21.84 USD

2022-01-27 * "Good Moods Market" "Buying groceries"
  Liabilities:US:Chase:Slate                       -83.08 USD
  Expenses:Food:Groceries                           83.08 USD

2022-01-30 balance Liabilities:US:Chase:Slate    -1251.82 USD

2022-01-30 * "China Garden" "Eating out with Bill"
  Liabilities:US:Chase:Slate                       -39.37 USD
  Expenses:Food:Restaurant                          39.37 USD

2022-02-03 * "Jewel of Morroco" "Eating out after work"
  Liabilities:US:Chase:Slate                       -65.26 USD
  Expenses:Food:Restaurant                          65.26 USD

2022-02-05 * "Metro Transport Authority" "Tram tickets"
  Liabilities:US:Chase:Slate                      -120.00 USD
  Expenses:Transport:Tram                          120.00 USD

2022-02-06 * "Kin Soy" "Eating out with Natasha"
  Liabilities:US:Chase:Slate                       -21.46 USD
  Expenses:Food:Restaurant                          21.46 USD

2022-02-09 * "Uncle Boons" "Eating out with Bill"
  Liabilities:US:Chase:Slate                       -52.51 USD
  Expenses:Food:Restaurant                          52.51 USD

2022-02-10 * "China Garden" "Eating out "
  Liabilities:US:Chase:Slate                       -30.89 USD
  Expenses:Food:Restaurant                          30.89 USD

2022-02-10 * "Onion Market" "Buying groceries"
  Liabilities:US:Chase:Slate                       -75.03 USD
  Expenses:Food:Groceries                           75.03 USD

2022-02-10 * "Chase:Slate" "Paying off credit card"
  Liabilities:US:Chase:Slate                       805.73 USD
  Assets:US:BofA:Checking                         -805.73 USD

2022-02-12 * "Rose Flower" "Eating out after work"
  Liabilities:US:Chase:Slate                       -21.40 USD
  Expenses:Food:Restaurant                          21.40 USD

2022-02-16 * "Corner Deli" "Buying groceries"
  Liabilities:US:Chase:Slate                      -134.26 USD
  Expenses:Food:Groceries                          134.26 USD

2022-02-17 * "China Garden" "Eating out with work buddies"
  Liabilities:US:Chase:Slate                       -39.45 USD
  Expenses:Food:Restaurant                          39.45 USD

2022-02-18 * "Uncle Boons" "Eating out with Bill"
  Liabilities:US:Chase:Slate                       -25.77 USD
  Expenses:Food:Restaurant                          25.77 USD

2022-02-19 * "Chichipotle" "Eating out with work buddies"
  Liabilities:US:Chase:Slate                       -32.17 USD
  Expenses:Food:Restaurant                          32.17 USD

2022-02-21 * "Uncle Boons" "Eating out with Julie"
  Liabilities:US:Chase:Slate                       -25.63 USD
  Expenses:Food:Restaurant                          25.63 USD

2022-02-22 * "Chichipotle" "Eating out with Natasha"
  Liabilities:US:Chase:Slate                       -37.48 USD
  Expenses:Food:Restaurant                          37.48 USD

2022-02-24 * "Farmer Fresh" "Buying groceries"
  Liabilities:US:Chase:Slate                       -96.51 USD
  Expenses:Food:Groceries                           96.51 USD

2022-02-25 balance Liabilities:US:Chase:Slate    -1263.28 USD

2022-02-26 * "Uncle Boons" "Eating out "
  Liabilities:US:Chase:Slate                       -31.29 USD
  Expenses:Food:Restaurant                          31.29 USD

2022-03-03 * "Cafe Modagor" "Eating out with work buddies"
  Liabilities:US:Chase:Slate                       -55.18 USD
  Expenses:Food:Restaurant                          55.18 USD

2022-03-07 * "Cafe Modagor" "Eating out "
  Liabilities:US:Chase:Slate                       -23.83 USD
  Expenses:Food:Restaurant                          23.83 USD

2022-03-07 * "Good Moods Market" "Buying groceries"
  Liabilities:US:Chase:Slate                       -96.41 USD
  Expenses:Food:Groceries                           96.41 USD

2022-03-09 * "China Garden" "Eating out after work"
  Liabilities:US:Chase:Slate                        -9.93 USD
  Expenses:Food:Restaurant                           9.93 USD

2022-03-10 * "China Garden" "Eating out with work buddies"
  Liabilities:US:Chase:Slate                       -37.96 USD
  Expenses:Food:Restaurant                          37.96 USD

2022-03-10 * "Metro Transport Authority" "Tram tickets"
  Liabilities:US:Chase:Slate                      -120.00 USD
  Expenses:Transport:Tram                          120.00 USD

2022-03-11 * "Chase:Slate" "Paying off credit card"
  Liabilities:US:Chase:Slate                       873.07 USD
  Assets:US:BofA:Checking                         -873.07 USD

2022-03-13 * "Cafe Modagor" "Eating out "
  Liabilities:US:Chase:Slate                       -10.77 USD
  Expenses:Food:Restaurant                          10.77 USD

2022-03-17 * "Rose Flower" "Eating out with Bill"
  Liabilities:US:Chase:Slate                       -24.86 USD
  Expenses:Food:Restaurant                          24.86 USD

2022-03-19 * "Kin Soy" "Eating out after work"
  Liabilities:US:Chase:Slate                       -27.32 USD
  Expenses:Food:Restaurant                          27.32 USD

2022-03-19 * "Corner Deli" "Buying groceries"
  Liabilities:US:Chase:Slate                      -103.84 USD
  Expenses:Food:Groceries                          103.84 USD

2022-03-21 balance Liabilities:US:Chase:Slate     -931.60 USD

2022-03-23 * "Jewel of Morroco" "Eating out after work"
  Liabilities:US:Chase:Slate                       -12.03 USD
  Expenses:Food:Restaurant                          12.03 USD

2022-03-26 * "China Garden" "Eating out with Julie"
  Liabilities:US:Chase:Slate                       -16.18 USD
  Expenses:Food:Restaurant                          16.18 USD

2022-03-29 * "Jewel of Morroco" "Eating out alone"
  Liabilities:US:Chase:Slate                       -24.14 USD
  Expenses:Food:Restaurant                          24.14 USD

2022-04-03 * "Goba Goba" "Eating out with Bill"
  Liabilities:US:Chase:Slate                       -43.43 USD
  Expenses:Food:Restaurant                          43.43 USD

2022-04-07 * "Kin Soy" "Eating out with Julie"
  Liabilities:US:Chase:Slate                       -44.08 USD
  Expenses:Food:Restaurant                          44.08 USD

2022-04-07 * "Farmer Fresh" "Buying groceries"
  Liabilities:US:Chase:Slate                       -57.22 USD
  Expenses:Food:Groceries                           57.22 USD

2022-04-07 * "Chase:Slate" "Paying off credit card"
  Liabilities:US:Chase:Slate                       295.88 USD
  Assets:US:BofA:Checking                         -295.88 USD

2022-04-09 * "Rose Flower" "Eating out alone"
  Liabilities:US:Chase:Slate                       -23.24 USD
  Expenses:Food:Restaurant                          23.24 USD

2022-04-11 * "Metro Transport Authority" "Tram tickets"
  Liabilities:US:Chase:Slate                      -120.00 USD
  Expenses:Transport:Tram                          120.00 USD

2022-04-14 * "Rose Flower" "Eating out alone"
  Liabilities:US:Chase:Slate                       -25.58 USD
  Expenses:Food:Restaurant                          25.58 USD

2022-04-17 * "Rose Flower" "Eating out with Joe"
  Liabilities:US:Chase:Slate                       -17.11 USD
  Expenses:Food:Restaurant                          17.11 USD

2022-04-18 * "Uncle Boons" "Eating out with work buddies"
  Liabilities:US:Chase:Slate                       -19.81 USD
  Expenses:Food:Restaurant                          19.81 USD

2022-04-19 balance Liabilities:US:Chase:Slate    -1038.54 USD

2022-04-20 * "Goba Goba" "Eating out with Natasha"
  Liabilities:US:Chase:Slate                       -23.31 USD
  Expenses:Food:Restaurant                          23.31 USD

2022-04-20 * "Corner Deli" "Buying groceries"
  Liabilities:US:Chase:Slate                       -65.81 USD
  Expenses:Food:Groceries                           65.81 USD

2022-04-21 * "Goba Goba" "Eating out with Bill"
  Liabilities:US:Chase:Slate                       -31.94 USD
  Expenses:Food:Restaurant                          31.94 USD

2022-04-25 * "Chichipotle" "Eating out with Bill"
  Liabilities:US:Chase:Slate                       -37.64 USD
  Expenses:Food:Restaurant                          37.64 USD

2022-04-26 * "China Garden" "Eating out with Julie"
  Liabilities:US:Chase:Slate                       -50.08 USD
  Expenses:Food:Restaurant                          50.08 USD

2022-04-26 * "Good Moods Market" "Buying groceries"
  Liabilities:US:Chase:Slate                      -127.47 USD
  Expenses:Food:Groceries                          127.47 USD

2022-04-29 * "China Garden" "Eating out with Julie"
  Liabilities:US:Chase:Slate                       -31.60 USD
  Expenses:Food:Restaurant                          31.60 USD

2022-05-01 * "Chichipotle" "Eating out alone"
  Liabilities:US:Chase:Slate                       -85.16 USD
  Expenses:Food:Restaurant                          85.16 USD

2022-05-05 * "Chichipotle" "Eating out "
  Liabilities:US:Chase:Slate                       -28.35 USD
  Expenses:Food:Restaurant                          28.35 USD

2022-05-07 * "Rose Flower" "Eating out with Joe"
  Liabilities:US:Chase:Slate                       -26.58 USD
  Expenses:Food:Restaurant                          26.58 USD

2022-05-09 balance Liabilities:US:Chase:Slate    -1546.48 USD

2022-05-09 * "Jewel of Morroco" "Eating out with Joe"
  Liabilities:US:Chase:Slate                       -27.10 USD
  Expenses:Food:Restaurant                          27.10 USD

2022-05-09 * "Farmer Fresh" "Buying groceries"
  Liabilities:US:Chase:Slate                       -58.81 USD
  Expenses:Food:Groceries                           58.81 USD

2022-05-11 * "Chichipotle" "Eating out "
  Liabilities:US:Chase:Slate                       -28.68 USD
  Expenses:Food:Restaurant                          28.68 USD

2022-05-11 * "Chase:Slate" "Paying off credit card"
  Liabilities:US:Chase:Slate                       885.49 USD
  Assets:US:BofA:Checking                         -885.49 USD

2022-05-14 * "Metro Transport Authority" "Tram tickets"
  Liabilities:US:Chase:Slate                      -120.00 USD
  Expenses:Transport:Tram                          120.00 USD

2022-05-15 * "China Garden" "Eating out after work"
  Liabilities:US:Chase:Slate                       -14.78 USD
  Expenses:Food:Restaurant                          14.78 USD

2022-05-16 * "Farmer Fresh" "Buying groceries"
  Liabilities:US:Chase:Slate                       -95.76 USD
  Expenses:Food:Groceries                           95.76 USD

2022-05-18 * "Kin Soy" "Eating out "
  Liabilities:US:Chase:Slate                       -30.61 USD
  Expenses:Food:Restaurant                          30.61 USD

2022-05-20 * "Rose Flower" "Eating out with work buddies"
  Liabilities:US:Chase:Slate                       -25.24 USD
  Expenses:Food:Restaurant                          25.24 USD

2022-05-21 * "Good Moods Market" "Buying groceries"
  Liabilities:US:Chase:Slate                       -68.09 USD
  Expenses:Food:Groceries                           68.09 USD

2022-05-23 * "Rose Flower" "Eating out after work"
  Liabilities:US:Chase:Slate                       -32.20 USD
  Expenses:Food:Restaurant                          32.20 USD

2022-05-24 * "Kin Soy" "Eating out with Joe"
  Liabilities:US:Chase:Slate                       -12.37 USD
  Expenses:Food:Restaurant                          12.37 USD

2022-05-29 balance Liabilities:US:Chase:Slate    -1174.63 USD

2022-05-29 * "Chichipotle" "Eating out "
  Liabilities:US:Chase:Slate                       -34.05 USD
  Expenses:Food:Restaurant                          34.05 USD

2022-06-03 * "Jewel of Morroco" "Eating out "
  Liabilities:US:Chase:Slate                       -37.67 USD
  Expenses:Food:Restaurant                          37.67 USD

2022-06-04 * "Good Moods Market" "Buying groceries"
  Liabilities:US:Chase:Slate                       -88.01 USD
  Expenses:Food:Groceries                           88.01 USD

2022-06-05 * "Uncle Boons" "Eating out with work buddies"
  Liabilities:US:Chase:Slate                       -23.84 USD
  Expenses:Food:Restaurant                          23.84 USD

2022-06-07 * "Chase:Slate" "Paying off credit card"
  Liabilities:US:Chase:Slate                       608.16 USD
  Assets:US:BofA:Checking                         -608.16 USD

2022-06-10 * "Uncle Boons" "Eating out with Julie"
  Liabilities:US:Chase:Slate                       -25.54 USD
  Expenses:Food:Restaurant                          25.54 USD

2022-06-10 * "Metro Transport Authority" "Tram tickets"
  Liabilities:US:Chase:Slate                      -120.00 USD
  Expenses:Transport:Tram                          120.00 USD

2022-06-13 * "Cafe Modagor" "Eating out alone"
  Liabilities:US:Chase:Slate                       -17.67 USD
  Expenses:Food:Restaurant                          17.67 USD

2022-06-14 * "China Garden" "Eating out with Bill"
  Liabilities:US:Chase:Slate                       -28.56 USD
  Expenses:Food:Restaurant                          28.56 USD

2022-06-16 * "China Garden" "Eating out with Natasha"
  Liabilities:US:Chase:Slate                       -25.79 USD
  Expenses:Food:Restaurant                          25.79 USD

2022-06-17 * "Farmer Fresh" "Buying groceries"
  Liabilities:US:Chase:Slate                      -113.45 USD
  Expenses:Food:Groceries                          113.45 USD

2022-06-18 * "Goba Goba" "Eating out with Bill"
  Liabilities:US:Chase:Slate                       -38.50 USD
  Expenses:Food:Restaurant                          38.50 USD

2022-06-22 * "Uncle Boons" "Eating out "
  Liabilities:US:Chase:Slate                       -27.26 USD
  Expenses:Food:Restaurant                          27.26 USD

2022-06-24 balance Liabilities:US:Chase:Slate    -1146.81 USD

2022-06-25 * "Uncle Boons" "Eating out with Joe"
  Liabilities:US:Chase:Slate                       -29.35 USD
  Expenses:Food:Restaurant                          29.35 USD

2022-06-25 * "Good Moods Market" "Buying groceries"
  Liabilities:US:Chase:Slate                      -119.31 USD
  Expenses:Food:Groceries                          119.31 USD

2022-06-29 * "Uncle Boons" "Eating out "
  Liabilities:US:Chase:Slate                       -19.80 USD
  Expenses:Food:Restaurant                          19.80 USD

2022-07-02 * "Kin Soy" "Eating out "
  Liabilities:US:Chase:Slate                       -43.89 USD
  Expenses:Food:Restaurant                          43.89 USD

2022-07-03 * "Kin Soy" "Eating out with Joe"
  Liabilities:US:Chase:Slate                       -56.75 USD
  Expenses:Food:Restaurant                          56.75 USD

2022-07-05 * "Rose Flower" "Eating out after work"
  Liabilities:US:Chase:Slate                       -23.09 USD
  Expenses:Food:Restaurant                          23.09 USD

2022-07-07 * "Metro Transport Authority" "Tram tickets"
  Liabilities:US:Chase:Slate                      -120.00 USD
  Expenses:Transport:Tram                          120.00 USD

2022-07-08 * "Rose Flower" "Eating out with Joe"
  Liabilities:US:Chase:Slate                       -24.85 USD
  Expenses:Food:Restaurant                          24.85 USD

2022-07-08 * "Chase:Slate" "Paying off credit card"
  Liabilities:US:Chase:Slate                       808.27 USD
  Assets:US:BofA:Checking                         -808.27 USD

2022-07-09 * "Corner Deli" "Buying groceries"
  Liabilities:US:Chase:Slate                       -78.53 USD
  Expenses:Food:Groceries                           78.53 USD

2022-07-11 * "Cafe Modagor" "Eating out with work buddies"
  Liabilities:US:Chase:Slate                       -29.93 USD
  Expenses:Food:Restaurant                          29.93 USD

2022-07-13 * "Rose Flower" "Eating out with Natasha"
  Liabilities:US:Chase:Slate                       -45.55 USD
  Expenses:Food:Restaurant                          45.55 USD

2022-07-15 * "Goba Goba" "Eating out alone"
  Liabilities:US:Chase:Slate                       -26.55 USD
  Expenses:Food:Restaurant                          26.55 USD

2022-07-15 * "Farmer Fresh" "Buying groceries"
  Liabilities:US:Chase:Slate                       -55.09 USD
  Expenses:Food:Groceries                           55.09 USD

2022-07-17 balance Liabilities:US:Chase:Slate    -1011.23 USD

2022-07-17 * "Uncle Boons" "Eating out with Joe"
  Liabilities:US:Chase:Slate                       -32.60 USD
  Expenses:Food:Restaurant                          32.60 USD

2022-07-18 * "Cafe Modagor" "Eating out with Bill"
  Liabilities:US:Chase:Slate                       -49.56 USD
  Expenses:Food:Restaurant                          49.56 USD

2022-07-22 * "Cafe Modagor" "Eating out alone"
  Liabilities:US:Chase:Slate                       -32.74 USD
  Expenses:Food:Restaurant                          32.74 USD

2022-07-25 * "Onion Market" "Buying groceries"
  Liabilities:US:Chase:Slate                       -67.65 USD
  Expenses:Food:Groceries                           67.65 USD

2022-07-27 * "Rose Flower" "Eating out with Joe"
  Liabilities:US:Chase:Slate                       -15.07 USD
  Expenses:Food:Restaurant                          15.07 USD

2022-07-31 * "Jewel of Morroco" "Eating out alone"
  Liabilities:US:Chase:Slate                       -19.53 USD
  Expenses:Food:Restaurant                          19.53 USD

2022-08-01 event "location" "Chicago"

2022-08-02 * "25 Degrees Burger Bar" "" #trip-chicago-2022
  Liabilities:US:Chase:Slate                       -20.72 USD
  Expenses:Food:Restaurant                          20.72 USD

2022-08-02 * "Argo Tea" "" #trip-chicago-2022
  Liabilities:US:Chase:Slate                        -5.64 USD
  Expenses:Food:Coffee                               5.64 USD

2022-08-03 * "Mercadito" "" #trip-chicago-2022
  Liabilities:US:Chase:Slate                       -32.62 USD
  Expenses:Food:Restaurant                          32.62 USD

2022-08-03 * "25 Degrees Burger Bar" "" #trip-chicago-2022
  Liabilities:US:Chase:Slate                       -23.82 USD
  Expenses:Food:Restaurant                          23.82 USD

2022-08-03 * "Eataly Chicago" "" #trip-chicago-2022
  Liabilities:US:Chase:Slate                       -39.55 USD
  Expenses:Food:Restaurant                          39.55 USD

2022-08-04 * "25 Degrees Burger Bar" "" #trip-chicago-2022
  Liabilities:US:Chase:Slate                       -23.34 USD
  Expenses:Food:Restaurant                          23.34 USD

2022-08-05 * "Mercadito" "" #trip-chicago-2022
  Liabilities:US:Chase:Slate                       -40.95 USD
  Expenses:Food:Restaurant                          40.95 USD

2022-08-05 * "25 Degrees Burger Bar" "" #trip-chicago-2022
  Liabilities:US:Chase:Slate                       -22.60 USD
  Expenses:Food:Restaurant                          22.60 USD

2022-08-05 * "Eataly Chicago" "" #trip-chicago-2022
  Liabilities:US:Chase:Slate                       -46.90 USD
  Expenses:Food:Restaurant                          46.90 USD

2022-08-06 * "Another Sports Pub" "" #trip-chicago-2022
  Liabilities:US:Chase:Slate                       -14.20 USD
  Expenses:Food:Alcohol                             14.20 USD

2022-08-07 * "Mercadito" "" #trip-chicago-2022
  Liabilities:US:Chase:Slate                       -32.52 USD
  Expenses:Food:Restaurant                          32.52 USD

2022-08-07 * "Eataly Chicago" "" #trip-chicago-2022
  Liabilities:US:Chase:Slate                       -36.02 USD
  Expenses:Food:Restaurant                          36.02 USD

2022-08-08 * "Star of Siam" "" #trip-chicago-2022
  Liabilities:US:Chase:Slate                       -23.40 USD
  Expenses:Food:Restaurant                          23.40 USD

2022-08-08 * "Eataly Chicago" "" #trip-chicago-2022
  Liabilities:US:Chase:Slate                       -34.14 USD
  Expenses:Food:Restaurant                          34.14 USD

2022-08-09 * "25 Degrees Burger Bar" "" #trip-chicago-2022
  Liabilities:US:Chase:Slate                       -24.45 USD
  Expenses:Food:Restaurant                          24.45 USD

2022-08-10 balance Liabilities:US:Chase:Slate    -1649.25 USD

2022-08-10 * "Mercadito" "" #trip-chicago-2022
  Liabilities:US:Chase:Slate                       -46.77 USD
  Expenses:Food:Restaurant                          46.77 USD

2022-08-10 * "Argo Tea" "" #trip-chicago-2022
  Liabilities:US:Chase:Slate                        -6.15 USD
  Expenses:Food:Coffee                               6.15 USD

2022-08-11 * "Argo Tea" "" #trip-chicago-2022
  Liabilities:US:Chase:Slate                        -5.30 USD
  Expenses:Food:Coffee                               5.30 USD

2022-08-11 * "Chase:Slate" "Paying off credit card"
  Liabilities:US:Chase:Slate                       498.72 USD
  Assets:US:BofA:Checking                         -498.72 USD

2022-08-12 * "Star of Siam" "" #trip-chicago-2022
  Liabilities:US:Chase:Slate                       -26.76 USD
  Expenses:Food:Restaurant                          26.76 USD

2022-08-12 * "Argo Tea" "" #trip-chicago-2022
  Liabilities:US:Chase:Slate                        -6.70 USD
  Expenses:Food:Coffee                               6.70 USD

2022-08-13 * "Star of Siam" "" #trip-chicago-2022
  Liabilities:US:Chase:Slate                       -16.45 USD
  Expenses:Food:Restaurant                          16.45 USD

2022-08-13 * "Mercadito" "" #trip-chicago-2022
  Liabilities:US:Chase:Slate                       -41.31 USD
  Expenses:Food:Restaurant                          41.31 USD

2022-08-13 * "Another Sports Pub" "" #trip-chicago-2022
  Liabilities:US:Chase:Slate                       -10.75 USD
  Expenses:Food:Alcohol                             10.75 USD

2022-08-14 * "Argo Tea" "" #trip-chicago-2022
  Liabilities:US:Chase:Slate                        -5.64 USD
  Expenses:Food:Coffee                               5.64 USD

2022-08-15 * "Star of Siam" "" #trip-chicago-2022
  Liabilities:US:Chase:Slate                       -30.78 USD
  Expenses:Food:Restaurant                          30.78 USD

2022-08-15 * "Argo Tea" "" #trip-chicago-2022
  Liabilities:US:Chase:Slate                        -6.37 USD
  Expenses:Food:Coffee                               6.37 USD

2022-08-16 * "25 Degrees Burger Bar" "" #trip-chicago-2022
  Liabilities:US:Chase:Slate                       -21.67 USD
  Expenses:Food:Restaurant                          21.67 USD

2022-08-16 * "Another Sports Pub" "" #trip-chicago-2022
  Liabilities:US:Chase:Slate                       -13.46 USD
  Expenses:Food:Alcohol                             13.46 USD

2022-08-16 * "Argo Tea" "" #trip-chicago-2022
  Liabilities:US:Chase:Slate                        -5.76 USD
  Expenses:Food:Coffee                               5.76 USD

2022-08-17 * "Star of Siam" "" #trip-chicago-2022
  Liabilities:US:Chase:Slate                       -28.14 USD
  Expenses:Food:Restaurant                          28.14 USD

2022-08-17 * "Mercadito" "" #trip-chicago-2022
  Liabilities:US:Chase:Slate                       -40.92 USD
  Expenses:Food:Restaurant                          40.92 USD

2022-08-17 * "25 Degrees Burger Bar" "" #trip-chicago-2022
  Liabilities:US:Chase:Slate                       -20.23 USD
  Expenses:Food:Restaurant                          20.23 USD

2022-08-17 * "Eataly Chicago" "" #trip-chicago-2022
  Liabilities:US:Chase:Slate                       -37.55 USD
  Expenses:Food:Restaurant                          37.55 USD

2022-08-17 * "Another Sports Pub" "" #trip-chicago-2022
  Liabilities:US:Chase:Slate                       -12.31 USD
  Expenses:Food:Alcohol                             12.31 USD

2022-08-18 * "Eataly Chicago" "" #trip-chicago-2022
  Liabilities:US:Chase:Slate                       -43.05 USD
  Expenses:Food:Restaurant                          43.05 USD

2022-08-19 * "Another Sports Pub" "" #trip-chicago-2022
  Liabilities:US:Chase:Slate                       -14.01 USD
  Expenses:Food:Alcohol                             14.01 USD

2022-08-19 * "Consume vacation days"
  Assets:US:Hoogle:Vacation                          -144 VACHR
  Expenses:Vacation                                   144 VACHR

2022-08-19 event "location" "New Metropolis"

2022-08-20 * "Rose Flower" "Eating out with Natasha"
  Liabilities:US:Chase:Slate                       -45.92 USD
  Expenses:Food:Restaurant                          45.92 USD

2022-08-21 * "Jewel of Morroco" "Eating out with work buddies"
  Liabilities:US:Chase:Slate                       -20.68 USD
  Expenses:Food:Restaurant                          20.68 USD

2022-08-24 * "Cafe Modagor" "Eating out alone"
  Liabilities:US:Chase:Slate                       -39.40 USD
  Expenses:Food:Restaurant                          39.40 USD

2022-08-26 * "Rose Flower" "Eating out after work"
  Liabilities:US:Chase:Slate                       -52.82 USD
  Expenses:Food:Restaurant                          52.82 USD

2022-08-29 * "Kin Soy" "Eating out with Bill"
  Liabilities:US:Chase:Slate                       -18.53 USD
  Expenses:Food:Restaurant                          18.53 USD

2022-08-30 balance Liabilities:US:Chase:Slate    -1767.96 USD

2022-08-31 * "Uncle Boons" "Eating out with Julie"
  Liabilities:US:Chase:Slate                       -35.02 USD
  Expenses:Food:Restaurant                          35.02 USD

2022-09-02 * "Uncle Boons" "Eating out with work buddies"
  Liabilities:US:Chase:Slate                       -19.55 USD
  Expenses:Food:Restaurant                          19.55 USD

2022-09-02 * "Farmer Fresh" "Buying groceries"
  Liabilities:US:Chase:Slate                       -70.06 USD
  Expenses:Food:Groceries                           70.06 USD

2022-09-04 * "Metro Transport Authority" "Tram tickets"
  Liabilities:US:Chase:Slate                      -120.00 USD
  Expenses:Transport:Tram                          120.00 USD

2022-09-06 * "Rose Flower" "Eating out with Natasha"
  Liabilities:US:Chase:Slate                       -24.84 USD
  Expenses:Food:Restaurant                          24.84 USD

2022-09-07 * "Jewel of Morroco" "Eating out with Julie"
  Liabilities:US:Chase:Slate                       -47.25 USD
  Expenses:Food:Restaurant                          47.25 USD

2022-09-07 * "Chase:Slate" "Paying off credit card"
  Liabilities:US:Chase:Slate                       448.15 USD
  Assets:US:BofA:Checking                         -448.15 USD

2022-09-10 * "Chichipotle" "Eating out with Joe"
  Liabilities:US:Chase:Slate                       -27.56 USD
  Expenses:Food:Restaurant                          27.56 USD

2022-09-15 * "Rose Flower" "Eating out with work buddies"
  Liabilities:US:Chase:Slate                       -21.34 USD
  Expenses:Food:Restaurant                          21.34 USD

2022-09-15 * "Farmer Fresh" "Buying groceries"
  Liabilities:US:Chase:Slate                       -90.38 USD
  Expenses:Food:Groceries                           90.38 USD

2022-09-19 * "Kin Soy" "Eating out with Natasha"
  Liabilities:US:Chase:Slate                       -24.36 USD
  Expenses:Food:Restaurant                          24.36 USD

2022-09-21 * "China Garden" "Eating out after work"
  Liabilities:US:Chase:Slate                       -16.21 USD
  Expenses:Food:Restaurant                          16.21 USD

2022-09-22 * "Cafe Modagor" "Eating out with Natasha"
  Liabilities:US:Chase:Slate                       -54.51 USD
  Expenses:Food:Restaurant                          54.51 USD

2022-09-25 balance Liabilities:US:Chase:Slate    -1870.89 USD

2022-09-27 * "Jewel of Morroco" "Eating out with work buddies"
  Liabilities:US:Chase:Slate                       -24.32 USD
  Expenses:Food:Restaurant                          24.32 USD

2022-09-27 * "Onion Market" "Buying groceries"
  Liabilities:US:Chase:Slate                       -57.95 USD
  Expenses:Food:Groceries                           57.95 USD

2022-09-30 * "China Garden" "Eating out alone"
  Liabilities:US:Chase:Slate                       -22.96 USD
  Expenses:Food:Restaurant                          22.96 USD

2022-10-03 * "Kin Soy" "Eating out alone"
  Liabilities:US:Chase:Slate                       -36.85 USD
  Expenses:Food:Restaurant                          36.85 USD

2022-10-06 * "Metro Transport Authority" "Tram tickets"
  Liabilities:US:Chase:Slate                      -120.00 USD
  Expenses:Transport:Tram                          120.00 USD

2022-10-07 * "Jewel of Morroco" "Eating out alone"
  Liabilities:US:Chase:Slate                       -15.49 USD
  Expenses:Food:Restaurant                          15.49 USD

2022-10-09 * "Cafe Modagor" "Eating out after work"
  Liabilities:US:Chase:Slate                       -31.50 USD
  Expenses:Food:Restaurant                          31.50 USD

2022-10-10 * "Uncle Boons" "Eating out with Joe"
  Liabilities:US:Chase:Slate                       -46.26 USD
  Expenses:Food:Restaurant                          46.26 USD

2022-10-11 * "Chase:Slate" "Paying off credit card"
  Liabilities:US:Chase:Slate                       636.84 USD
  Assets:US:BofA:Checking                         -636.84 USD

2022-10-14 * "Kin Soy" "Eating out with Julie"
  Liabilities:US:Chase:Slate                       -47.15 USD
  Expenses:Food:Restaurant                          47.15 USD

2022-10-14 * "Onion Market" "Buying groceries"
  Liabilities:US:Chase:Slate                       -82.40 USD
  Expenses:Food:Groceries                           82.40 USD

2022-10-15 balance Liabilities:US:Chase:Slate    -1718.93 USD

2022-10-17 * "China Garden" "Eating out "
  Liabilities:US:Chase:Slate                       -26.19 USD
  Expenses:Food:Restaurant                          26.19 USD

2022-10-18 * "Uncle Boons" "Eating out with Bill"
  Liabilities:US:Chase:Slate                       -24.97 USD
  Expenses:Food:Restaurant                          24.97 USD

2022-10-19 * "Cafe Modagor" "Eating out with Julie"
  Liabilities:US:Chase:Slate                       -15.21 USD
  Expenses:Food:Restaurant                          15.21 USD

2022-10-21 * "Good Moods Market" "Buying groceries"
  Liabilities:US:Chase:Slate                       -49.13 USD
  Expenses:Food:Groceries                           49.13 USD

2022-10-23 * "Goba Goba" "Eating out after work"
  Liabilities:US:Chase:Slate                        -9.56 USD
  Expenses:Food:Restaurant                           9.56 USD

2022-10-25 * "Rose Flower" "Eating out with Bill"
  Liabilities:US:Chase:Slate                       -46.06 USD
  Expenses:Food:Restaurant                          46.06 USD

2022-10-30 * "Rose Flower" "Eating out with Bill"
  Liabilities:US:Chase:Slate                       -24.84 USD
  Expenses:Food:Restaurant                          24.84 USD

2022-11-01 * "Goba Goba" "Eating out with Natasha"
  Liabilities:US:Chase:Slate                       -34.73 USD
  Expenses:Food:Restaurant                          34.73 USD

2022-11-03 * "Rose Flower" "Eating out with Bill"
  Liabilities:US:Chase:Slate                       -46.64 USD
  Expenses:Food:Restaurant                          46.64 USD

2022-11-03 * "Metro Transport Authority" "Tram tickets"
  Liabilities:US:Chase:Slate                      -120.00 USD
  Expenses:Transport:Tram                          120.00 USD

2022-11-06 * "Jewel of Morroco" "Eating out with Bill"
  Liabilities:US:Chase:Slate                       -40.77 USD
  Expenses:Food:Restaurant                          40.77 USD

2022-11-07 balance Liabilities:US:Chase:Slate    -2157.03 USD

2022-11-08 * "Onion Market" "Buying groceries"
  Liabilities:US:Chase:Slate                      -124.09 USD
  Expenses:Food:Groceries                          124.09 USD

2022-11-09 * "Chase:Slate" "Paying off credit card"
  Liabilities:US:Chase:Slate                       671.13 USD
  Assets:US:BofA:Checking                         -671.13 USD

2022-11-10 * "Kin Soy" "Eating out with Joe"
  Liabilities:US:Chase:Slate                       -26.54 USD
  Expenses:Food:Restaurant                          26.54 USD

2022-11-14 * "Rose Flower" "Eating out with Bill"
  Liabilities:US:Chase:Slate                       -23.27 USD
  Expenses:Food:Restaurant                          23.27 USD

2022-11-17 * "Corner Deli" "Buying groceries"
  Liabilities:US:Chase:Slate                       -82.12 USD
  Expenses:Food:Groceries                           82.12 USD

2022-11-18 * "Cafe Modagor" "Eating out with Joe"
  Liabilities:US:Chase:Slate                       -28.30 USD
  Expenses:Food:Restaurant                          28.30 USD

2022-11-19 * "Cafe Modagor" "Eating out with Bill"
  Liabilities:US:Chase:Slate                       -13.35 USD
  Expenses:Food:Restaurant                          13.35 USD

2022-11-20 * "Cafe Modagor" "Eating out with Joe"
  Liabilities:US:Chase:Slate                       -41.09 USD
  Expenses:Food:Restaurant                          41.09 USD

2022-11-25 * "Kin Soy" "Eating out with Julie"
  Liabilities:US:Chase:Slate                       -29.65 USD
  Expenses:Food:Restaurant                          29.65 USD

2022-11-28 * "Uncle Boons" "Eating out with Joe"
  Liabilities:US:Chase:Slate                       -21.85 USD
  Expenses:Food:Restaurant                          21.85 USD

2022-12-01 * "Metro Transport Authority" "Tram tickets"
  Liabilities:US:Chase:Slate                      -120.00 USD
  Expenses:Transport:Tram                          120.00 USD

2022-12-02 * "Chichipotle" "Eating out "
  Liabilities:US:Chase:Slate                       -41.36 USD
  Expenses:Food:Restaurant                          41.36 USD

2022-12-03 * "Goba Goba" "Eating out after work"
  Liabilities:US:Chase:Slate                       -25.66 USD
  Expenses:Food:Restaurant                          25.66 USD

2022-12-05 balance Liabilities:US:Chase:Slate    -2063.18 USD

2022-12-05 * "Jewel of Morroco" "Eating out with Bill"
  Liabilities:US:Chase:Slate                       -30.28 USD
  Expenses:Food:Restaurant                          30.28 USD

2022-12-05 * "Farmer Fresh" "Buying groceries"
  Liabilities:US:Chase:Slate                       -80.90 USD
  Expenses:Food:Groceries                           80.90 USD

2022-12-07 * "Kin Soy" "Eating out "
  Liabilities:US:Chase:Slate                       -42.21 USD
  Expenses:Food:Restaurant                          42.21 USD

2022-12-09 * "Chase:Slate" "Paying off credit card"
  Liabilities:US:Chase:Slate                       622.52 USD
  Assets:US:BofA:Checking                         -622.52 USD

2022-12-11 * "Cafe Modagor" "Eating out "
  Liabilities:US:Chase:Slate                       -42.48 USD
  Expenses:Food:Restaurant                          42.48 USD

2022-12-12 * "Chichipotle" "Eating out with Natasha"
  Liabilities:US:Chase:Slate                       -14.63 USD
  Expenses:Food:Restaurant                          14.63 USD

2022-12-14 * "Goba Goba" "Eating out alone"
  Liabilities:US:Chase:Slate                       -24.45 USD
  Expenses:Food:Restaurant                          24.45 USD

2022-12-19 * "China Garden" "Eating out with work buddies"
  Liabilities:US:Chase:Slate                       -24.24 USD
  Expenses:Food:Restaurant                          24.24 USD

2022-12-21 * "Good Moods Market" "Buying groceries"
  Liabilities:US:Chase:Slate                       -99.06 USD
  Expenses:Food:Groceries                           99.06 USD

2022-12-22 * "Goba Goba" "Eating out after work"
  Liabilities:US:Chase:Slate                       -16.60 USD
  Expenses:Food:Restaurant                          16.60 USD

2022-12-27 balance Liabilities:US:Chase:Slate    -1815.51 USD

2022-12-27 * "Kin Soy" "Eating out with work buddies"
  Liabilities:US:Chase:Slate                       -24.81 USD
  Expenses:Food:Restaurant                          24.81 USD

2022-12-30 * "Chichipotle" "Eating out with Julie"
  Liabilities:US:Chase:Slate                       -31.85 USD
  Expenses:Food:Restaurant                          31.85 USD

2022-12-30 * "Metro Transport Authority" "Tram tickets"
  Liabilities:US:Chase:Slate                      -120.00 USD
  Expenses:Transport:Tram                          120.00 USD

2023-01-02 * "Kin Soy" "Eating out with work buddies"
  Liabilities:US:Chase:Slate                       -21.19 USD
  Expenses:Food:Restaurant                          21.19 USD

2023-01-04 * "Jewel of Morroco" "Eating out with Joe"
  Liabilities:US:Chase:Slate                       -49.66 USD
  Expenses:Food:Restaurant                          49.66 USD

2023-01-04 * "Farmer Fresh" "Buying groceries"
  Liabilities:US:Chase:Slate                       -69.23 USD
  Expenses:Food:Groceries                           69.23 USD

2023-01-05 * "Jewel of Morroco" "Eating out after work"
  Liabilities:US:Chase:Slate                       -19.55 USD
  Expenses:Food:Restaurant                          19.55 USD

2023-01-07 * "Chase:Slate" "Paying off credit card"
  Liabilities:US:Chase:Slate                       540.84 USD
  Assets:US:BofA:Checking                         -540.84 USD

2023-01-10 * "Jewel of Morroco" "Eating out with Natasha"
  Liabilities:US:Chase:Slate                       -25.57 USD
  Expenses:Food:Restaurant                          25.57 USD

2023-01-11 * "Cafe Modagor" "Eating out "
  Liabilities:US:Chase:Slate                       -17.79 USD
  Expenses:Food:Restaurant                          17.79 USD

2023-01-12 * "Good Moods Market" "Buying groceries"
  Liabilities:US:Chase:Slate                       -50.89 USD
  Expenses:Food:Groceries                           50.89 USD

2023-01-15 * "Cafe Modagor" "Eating out with Bill"
  Liabilities:US:Chase:Slate                       -36.16 USD
  Expenses:Food:Restaurant                          36.16 USD

2023-01-17 balance Liabilities:US:Chase:Slate    -1741.37 USD

2023-01-17 * "Jewel of Morroco" "Eating out with work buddies"
  Liabilities:US:Chase:Slate                       -20.12 USD
  Expenses:Food:Restaurant                          20.12 USD

2023-01-21 * "Kin Soy" "Eating out "
  Liabilities:US:Chase:Slate                       -45.19 USD
  Expenses:Food:Restaurant                          45.19 USD

2023-01-23 * "Uncle Boons" "Eating out with Joe"
  Liabilities:US:Chase:Slate                       -18.54 USD
  Expenses:Food:Restaurant                          18.54 USD

2023-01-24 * "Rose Flower" "Eating out "
  Liabilities:US:Chase:Slate                       -39.48 USD
  Expenses:Food:Restaurant                          39.48 USD

2023-01-29 * "Uncle Boons" "Eating out with Natasha"
  Liabilities:US:Chase:Slate                       -45.01 USD
  Expenses:Food:Restaurant                          45.01 USD

2023-01-29 * "Metro Transport Authority" "Tram tickets"
  Liabilities:US:Chase:Slate                      -120.00 USD
  Expenses:Transport:Tram                          120.00 USD

2023-01-30 * "Corner Deli" "Buying groceries"
  Liabilities:US:Chase:Slate                       -59.90 USD
  Expenses:Food:Groceries                           59.90 USD

2023-02-01 * "Rose Flower" "Eating out after work"
  Liabilities:US:Chase:Slate                       -13.38 USD
  Expenses:Food:Restaurant                          13.38 USD

2023-02-03 * "Uncle Boons" "Eating out after work"
  Liabilities:US:Chase:Slate                       -22.54 USD
  Expenses:Food:Restaurant                          22.54 USD

2023-02-05 * "Chichipotle" "Eating out "
  Liabilities:US:Chase:Slate                       -28.75 USD
  Expenses:Food:Restaurant                          28.75 USD

2023-02-07 * "Rose Flower" "Eating out with Joe"
  Liabilities:US:Chase:Slate                       -27.36 USD
  Expenses:Food:Restaurant                          27.36 USD

2023-02-07 * "Chase:Slate" "Paying off credit card"
  Liabilities:US:Chase:Slate                       545.11 USD
  Assets:US:BofA:Checking                         -545.11 USD

2023-02-09 * "Uncle Boons" "Eating out with Julie"
  Liabilities:US:Chase:Slate                       -37.68 USD
  Expenses:Food:Restaurant                          37.68 USD

2023-02-09 * "Farmer Fresh" "Buying groceries"
  Liabilities:US:Chase:Slate                       -74.57 USD
  Expenses:Food:Groceries                           74.57 USD

2023-02-13 * "China Garden" "Eating out with Joe"
  Liabilities:US:Chase:Slate                       -23.48 USD
  Expenses:Food:Restaurant                          23.48 USD

2023-02-14 * "China Garden" "Eating out alone"
  Liabilities:US:Chase:Slate                       -37.00 USD
  Expenses:Food:Restaurant                          37.00 USD

2023-02-15 balance Liabilities:US:Chase:Slate    -1809.26 USD

2023-02-15 * "Chichipotle" "Eating out "
  Liabilities:US:Chase:Slate                       -27.19 USD
  Expenses:Food:Restaurant                          27.19 USD

2023-02-16 * "Goba Goba" "Eating out "
  Liabilities:US:Chase:Slate                       -41.20 USD
  Expenses:Food:Restaurant                          41.20 USD

2023-02-17 * "Uncle Boons" "Eating out after work"
  Liabilities:US:Chase:Slate                       -13.37 USD
  Expenses:Food:Restaurant                          13.37 USD

2023-02-19 * "Rose Flower" "Eating out with work buddies"
  Liabilities:US:Chase:Slate                       -41.52 USD
  Expenses:Food:Restaurant                          41.52 USD

2023-02-20 * "Farmer Fresh" "Buying groceries"
  Liabilities:US:Chase:Slate                      -126.04 USD
  Expenses:Food:Groceries                          126.04 USD

2023-02-23 * "Goba Goba" "Eating out with Julie"
  Liabilities:US:Chase:Slate                       -14.09 USD
  Expenses:Food:Restaurant                          14.09 USD

2023-02-24 * "Cafe Modagor" "Eating out with Joe"
  Liabilities:US:Chase:Slate                       -23.02 USD
  Expenses:Food:Restaurant                          23.02 USD

2023-02-26 * "China Garden" "Eating out with Bill"
  Liabilities:US:Chase:Slate                       -20.32 USD
  Expenses:Food:Restaurant                          20.32 USD

2023-02-27 * "Cafe Modagor" "Eating out with Julie"
  Liabilities:US:Chase:Slate                       -39.03 USD
  Expenses:Food:Restaurant                          39.03 USD

2023-02-27 * "Metro Transport Authority" "Tram tickets"
  Liabilities:US:Chase:Slate                      -120.00 USD
  Expenses:Transport:Tram                          120.00 USD

2023-03-02 * "Uncle Boons" "Eating out with Joe"
  Liabilities:US:Chase:Slate                       -22.18 USD
  Expenses:Food:Restaurant                          22.18 USD

2023-03-03 * "Goba Goba" "Eating out with Bill"
  Liabilities:US:Chase:Slate                       -46.33 USD
  Expenses:Food:Restaurant                          46.33 USD

2023-03-04 * "Rose Flower" "Eating out alone"
  Liabilities:US:Chase:Slate                       -34.88 USD
  Expenses:Food:Restaurant                          34.88 USD

2023-03-06 * "Farmer Fresh" "Buying groceries"
  Liabilities:US:Chase:Slate                       -65.59 USD
  Expenses:Food:Groceries                           65.59 USD

2023-03-07 * "Cafe Modagor" "Eating out with Natasha"
  Liabilities:US:Chase:Slate                       -18.39 USD
  Expenses:Food:Restaurant                          18.39 USD

2023-03-07 * "Chase:Slate" "Paying off credit card"
  Liabilities:US:Chase:Slate                       825.88 USD
  Assets:US:BofA:Checking                         -825.88 USD

2023-03-08 balance Liabilities:US:Chase:Slate    -1636.53 USD

2023-03-10 * "Jewel of Morroco" "Eating out "
  Liabilities:US:Chase:Slate                       -23.98 USD
  Expenses:Food:Restaurant                          23.98 USD

2023-03-11 * "China Garden" "Eating out with Bill"
  Liabilities:US:Chase:Slate                       -15.19 USD
  Expenses:Food:Restaurant                          15.19 USD

2023-03-15 * "Rose Flower" "Eating out alone"
  Liabilities:US:Chase:Slate                       -15.72 USD
  Expenses:Food:Restaurant                          15.72 USD

2023-03-17 * "Chichipotle" "Eating out alone"
  Liabilities:US:Chase:Slate                       -34.17 USD
  Expenses:Food:Restaurant                          34.17 USD

2023-03-18 * "Rose Flower" "Eating out after work"
  Liabilities:US:Chase:Slate                       -21.86 USD
  Expenses:Food:Restaurant                          21.86 USD

2023-03-20 * "Kin Soy" "Eating out with Bill"
  Liabilities:US:Chase:Slate                       -18.00 USD
  Expenses:Food:Restaurant                          18.00 USD

2023-03-23 * "Uncle Boons" "Eating out with Bill"
  Liabilities:US:Chase:Slate                       -42.32 USD
  Expenses:Food:Restaurant                          42.32 USD

2023-03-25 * "Good Moods Market" "Buying groceries"
  Liabilities:US:Chase:Slate                       -96.21 USD
  Expenses:Food:Groceries                           96.21 USD

2023-03-28 * "Cafe Modagor" "Eating out after work"
  Liabilities:US:Chase:Slate                       -18.80 USD
  Expenses:Food:Restaurant                          18.80 USD

2023-03-31 balance Liabilities:US:Chase:Slate    -1922.78 USD

2023-03-31 * "Uncle Boons" "Eating out with Julie"
  Liabilities:US:Chase:Slate                       -34.65 USD
  Expenses:Food:Restaurant                          34.65 USD

2023-03-31 * "Metro Transport Authority" "Tram tickets"
  Liabilities:US:Chase:Slate                      -120.00 USD
  Expenses:Transport:Tram                          120.00 USD

2023-04-03 * "Chichipotle" "Eating out "
  Liabilities:US:Chase:Slate                       -25.74 USD
  Expenses:Food:Restaurant                          25.74 USD

2023-04-05 * "China Garden" "Eating out alone"
  Liabilities:US:Chase:Slate                       -43.74 USD
  Expenses:Food:Restaurant                          43.74 USD

2023-04-05 * "Onion Market" "Buying groceries"
  Liabilities:US:Chase:Slate                      -100.79 USD
  Expenses:Food:Groceries                          100.79 USD

2023-04-06 * "China Garden" "Eating out "
  Liabilities:US:Chase:Slate                      -117.58 USD
  Expenses:Food:Restaurant                         117.58 USD

2023-04-09 * "Rose Flower" "Eating out with Julie"
  Liabilities:US:Chase:Slate                       -23.78 USD
  Expenses:Food:Restaurant                          23.78 USD

2023-04-10 * "Chase:Slate" "Paying off credit card"
  Liabilities:US:Chase:Slate                       762.68 USD
  Assets:US:BofA:Checking                         -762.68 USD

2023-04-14 * "China Garden" "Eating out after work"
  Liabilities:US:Chase:Slate                       -10.15 USD
  Expenses:Food:Restaurant                          10.15 USD

2023-04-19 * "Jewel of Morroco" "Eating out alone"
  Liabilities:US:Chase:Slate                       -35.64 USD
  Expenses:Food:Restaurant                          35.64 USD

2023-04-20 * "Chichipotle" "Eating out with Julie"
  Liabilities:US:Chase:Slate                       -52.47 USD
  Expenses:Food:Restaurant                          52.47 USD

2023-04-21 * "Chichipotle" "Eating out after work"
  Liabilities:US:Chase:Slate                       -25.84 USD
  Expenses:Food:Restaurant                          25.84 USD

2023-04-22 balance Liabilities:US:Chase:Slate    -1750.48 USD

2023-04-25 * "Chichipotle" "Eating out with Natasha"
  Liabilities:US:Chase:Slate                       -13.73 USD
  Expenses:Food:Restaurant                          13.73 USD

2023-04-25 * "Good Moods Market" "Buying groceries"
  Liabilities:US:Chase:Slate                       -61.29 USD
  Expenses:Food:Groceries                           61.29 USD

2023-04-29 * "Metro Transport Authority" "Tram tickets"
  Liabilities:US:Chase:Slate                      -120.00 USD
  Expenses:Transport:Tram                          120.00 USD

2023-04-30 * "Rose Flower" "Eating out "
  Liabilities:US:Chase:Slate                       -16.90 USD
  Expenses:Food:Restaurant                          16.90 USD

2023-05-03 * "Jewel of Morroco" "Eating out with Natasha"
  Liabilities:US:Chase:Slate                      -109.67 USD
  Expenses:Food:Restaurant                         109.67 USD

2023-05-06 * "Good Moods Market" "Buying groceries"
  Liabilities:US:Chase:Slate                      -100.89 USD
  Expenses:Food:Groceries                          100.89 USD

2023-05-08 * "Kin Soy" "Eating out with Bill"
  Liabilities:US:Chase:Slate                       -28.06 USD
  Expenses:Food:Restaurant                          28.06 USD

2023-05-10 * "Uncle Boons" "Eating out with work buddies"
  Liabilities:US:Chase:Slate                       -23.64 USD
  Expenses:Food:Restaurant                          23.64 USD



* Taxable Investments

2021-01-01 open Assets:US:ETrade:Cash                       USD
2021-01-01 open Assets:US:ETrade:ITOT                       ITOT
2021-01-01 open Assets:US:ETrade:VEA                       VEA
2021-01-01 open Assets:US:ETrade:VHT                       VHT
2021-01-01 open Assets:US:ETrade:GLD                       GLD
2021-01-01 open Income:US:ETrade:PnL                        USD
2021-01-01 open Income:US:ETrade:ITOT:Dividend              USD
2021-01-01 open Income:US:ETrade:VEA:Dividend              USD
2021-01-01 open Income:US:ETrade:VHT:Dividend              USD
2021-01-01 open Income:US:ETrade:GLD:Dividend              USD

2021-08-27 * "Buy shares of GLD"
  Assets:US:ETrade:Cash                           -557.62 USD
  Assets:US:ETrade:GLD                                  3 GLD {182.89 USD, 2021-08-27}
  Expenses:Financial:Commissions                     8.95 USD

2021-08-27 * "Buy shares of ITOT"
  Assets:US:ETrade:Cash                           -683.40 USD
  Assets:US:ETrade:ITOT                                 7 ITOT {96.35 USD, 2021-08-27}
  Expenses:Financial:Commissions                     8.95 USD

2021-08-27 * "Buy shares of VEA"
  Assets:US:ETrade:Cash                           -609.65 USD
  Assets:US:ETrade:VEA                                  5 VEA {120.14 USD, 2021-08-27}
  Expenses:Financial:Commissions                     8.95 USD

2021-08-27 * "Buy shares of VHT"
  Assets:US:ETrade:Cash                           -703.75 USD
  Assets:US:ETrade:VHT                                 12 VHT {57.90 USD, 2021-08-27}
  Expenses:Financial:Commissions                     8.95 USD

2021-09-18 * "Dividends on portfolio"
  Assets:US:ETrade:Cash                             10.07 USD
  Income:US:ETrade:ITOT:Dividend                   -10.07 USD

2021-10-31 * "Buy shares of VEA"
  Assets:US:ETrade:Cash                          -1509.55 USD
  Assets:US:ETrade:VEA                                 12 VEA {125.05 USD, 2021-10-31}
  Expenses:Financial:Commissions                     8.95 USD

2021-10-31 * "Buy shares of GLD"
  Assets:US:ETrade:Cash                          -1600.06 USD
  Assets:US:ETrade:GLD                                  9 GLD {176.79 USD, 2021-10-31}
  Expenses:Financial:Commissions                     8.95 USD

2021-10-31 * "Buy shares of ITOT"
  Assets:US:ETrade:Cash                          -1577.27 USD
  Assets:US:ETrade:ITOT                                16 ITOT {98.02 USD, 2021-10-31}
  Expenses:Financial:Commissions                     8.95 USD

2021-12-17 * "Dividends on portfolio"
  Assets:US:ETrade:Cash                             28.71 USD
  Income:US:ETrade:VHT:Dividend                    -28.71 USD

2021-12-27 * "Sell shares of VHT"
  Assets:US:ETrade:VHT                                -12 VHT {57.90 USD, 2021-08-27} @ 62.47 USD
  Assets:US:ETrade:Cash                            740.69 USD
  Expenses:Financial:Commissions                     8.95 USD
  Income:US:ETrade:PnL                             -54.84 USD

2022-03-18 * "Sell shares of ITOT"
  Assets:US:ETrade:ITOT                               -16 ITOT {98.02 USD, 2021-10-31} @ 102.85 USD
  Assets:US:ETrade:Cash                           1636.65 USD
  Expenses:Financial:Commissions                     8.95 USD
  Income:US:ETrade:PnL                             -77.28 USD

2022-03-18 * "Dividends on portfolio"
  Assets:US:ETrade:Cash                             28.71 USD
  Income:US:ETrade:GLD:Dividend                    -28.71 USD

2022-03-19 * "Buy shares of ITOT"
  Assets:US:ETrade:Cash                           -523.20 USD
  Assets:US:ETrade:ITOT                                 5 ITOT {102.85 USD, 2022-03-19}
  Expenses:Financial:Commissions                     8.95 USD

2022-03-19 * "Buy shares of VHT"
  Assets:US:ETrade:Cash                           -584.14 USD
  Assets:US:ETrade:VHT                                  9 VHT {63.91 USD, 2022-03-19}
  Expenses:Financial:Commissions                     8.95 USD

2022-03-19 * "Buy shares of GLD"
  Assets:US:ETrade:Cash                           -530.98 USD
  Assets:US:ETrade:GLD                                  3 GLD {174.01 USD, 2022-03-19}
  Expenses:Financial:Commissions                     8.95 USD

2022-03-19 * "Buy shares of VEA"
  Assets:US:ETrade:Cash                           -493.63 USD
  Assets:US:ETrade:VEA                                  4 VEA {121.17 USD, 2022-03-19}
  Expenses:Financial:Commissions                     8.95 USD

2022-04-21 * "Sell shares of VEA"
  Assets:US:ETrade:VEA                                -12 VEA {125.05 USD, 2021-10-31} @ 119.52 USD
  Assets:US:ETrade:Cash                           1425.29 USD
  Expenses:Financial:Commissions                     8.95 USD
  Income:US:ETrade:PnL                              66.36 USD

2022-05-27 * "Buy shares of VHT"
  Assets:US:ETrade:Cash                           -401.17 USD
  Assets:US:ETrade:VHT                                  6 VHT {65.37 USD, 2022-05-27}
  Expenses:Financial:Commissions                     8.95 USD

2022-05-27 * "Buy shares of VEA"
  Assets:US:ETrade:Cash                           -395.35 USD
  Assets:US:ETrade:VEA                                  3 VEA {128.80 USD, 2022-05-27}
  Expenses:Financial:Commissions                     8.95 USD

2022-05-27 * "Buy shares of ITOT"
  Assets:US:ETrade:Cash                           -316.48 USD
  Assets:US:ETrade:ITOT                                 3 ITOT {102.51 USD, 2022-05-27}
  Expenses:Financial:Commissions                     8.95 USD

2022-05-27 * "Buy shares of GLD"
  Assets:US:ETrade:Cash                           -348.81 USD
  Assets:US:ETrade:GLD                                  2 GLD {169.93 USD, 2022-05-27}
  Expenses:Financial:Commissions                     8.95 USD

2022-06-18 * "Dividends on portfolio"
  Assets:US:ETrade:Cash                             42.80 USD
  Income:US:ETrade:VEA:Dividend                    -42.80 USD

2022-09-03 * "Buy shares of VHT"
  Assets:US:ETrade:Cash                          -1073.27 USD
  Assets:US:ETrade:VHT                                 16 VHT {66.52 USD, 2022-09-03}
  Expenses:Financial:Commissions                     8.95 USD

2022-09-03 * "Buy shares of VEA"
  Assets:US:ETrade:Cash                          -1063.51 USD
  Assets:US:ETrade:VEA                                  8 VEA {131.82 USD, 2022-09-03}
  Expenses:Financial:Commissions                     8.95 USD

2022-09-03 * "Buy shares of GLD"
  Assets:US:ETrade:Cash                          -1007.71 USD
  Assets:US:ETrade:GLD                                  6 GLD {166.46 USD, 2022-09-03}
  Expenses:Financial:Commissions                     8.95 USD

2022-09-03 * "Buy shares of ITOT"
  Assets:US:ETrade:Cash                          -1056.55 USD
  Assets:US:ETrade:ITOT                                10 ITOT {104.76 USD, 2022-09-03}
  Expenses:Financial:Commissions                     8.95 USD

2022-09-18 * "Dividends on portfolio"
  Assets:US:ETrade:Cash                             59.46 USD
  Income:US:ETrade:VHT:Dividend                    -59.46 USD

2022-11-14 * "Buy shares of VEA"
  Assets:US:ETrade:Cash                          -1804.64 USD
  Assets:US:ETrade:VEA                                 13 VEA {138.13 USD, 2022-11-14}
  Expenses:Financial:Commissions                     8.95 USD

2022-11-14 * "Buy shares of VHT"
  Assets:US:ETrade:Cash                          -1764.21 USD
  Assets:US:ETrade:VHT                                 26 VHT {67.51 USD, 2022-11-14}
  Expenses:Financial:Commissions                     8.95 USD

2022-12-10 * "Buy shares of VHT"
  Assets:US:ETrade:Cash                          -3066.57 USD
  Assets:US:ETrade:VHT                                 46 VHT {66.47 USD, 2022-12-10}
  Expenses:Financial:Commissions                     8.95 USD

2022-12-17 * "Dividends on portfolio"
  Assets:US:ETrade:Cash                             85.90 USD
  Income:US:ETrade:ITOT:Dividend                   -85.90 USD

2023-02-02 * "Sell shares of VEA"
  Assets:US:ETrade:VEA                                -13 VEA {138.13 USD, 2022-11-14} @ 133.86 USD
  Assets:US:ETrade:Cash                           1731.23 USD
  Expenses:Financial:Commissions                     8.95 USD
  Income:US:ETrade:PnL                              55.51 USD

2023-02-19 * "Buy shares of VHT"
  Assets:US:ETrade:Cash                           -901.53 USD
  Assets:US:ETrade:VHT                                 13 VHT {68.66 USD, 2023-02-19}
  Expenses:Financial:Commissions                     8.95 USD

2023-02-19 * "Buy shares of ITOT"
  Assets:US:ETrade:Cash                           -836.71 USD
  Assets:US:ETrade:ITOT                                 8 ITOT {103.47 USD, 2023-02-19}
  Expenses:Financial:Commissions                     8.95 USD

2023-03-18 * "Dividends on portfolio"
  Assets:US:ETrade:Cash                             92.78 USD
  Income:US:ETrade:ITOT:Dividend                   -92.78 USD



* Vanguard Investments

2021-01-01 open Assets:US:Vanguard:VBMPX                     VBMPX
  number: "882882"
2021-01-01 open Assets:US:Vanguard:RGAGX                     RGAGX
  number: "882882"
2021-01-01 open Assets:US:Vanguard                            USD
  address: "P.O. Box 1110, Valley Forge, PA 19482-1110"
  institution: "Vanguard Group"
  phone: "+1.800.523.1188"
2021-01-01 open Income:US:Hoogle:Match401k                   USD
2021-01-01 open Assets:US:Vanguard:Cash                       USD
  number: "882882"

2021-01-08 * "Employer match for contribution"
  Assets:US:Vanguard:Cash                          600.00 USD
  Income:US:Hoogle:Match401k                      -600.00 USD

2021-01-11 * "Investing 40% of cash in VBMPX"
  Assets:US:Vanguard:VBMPX                          4.266 VBMPX {112.53 USD, 2021-01-11}
  Assets:US:Vanguard:Cash                         -480.05 USD

2021-01-11 * "Investing 60% of cash in RGAGX"
  Assets:US:Vanguard:RGAGX                         14.984 RGAGX {48.05 USD, 2021-01-11}
  Assets:US:Vanguard:Cash                         -719.98 USD

2021-01-11 * "Investing 40% of cash in VBMPX"
  Assets:US:Vanguard:VBMPX                          2.133 VBMPX {112.53 USD, 2021-01-11}
  Assets:US:Vanguard:Cash                         -240.03 USD

2021-01-11 * "Investing 60% of cash in RGAGX"
  Assets:US:Vanguard:RGAGX                          7.492 RGAGX {48.05 USD, 2021-01-11}
  Assets:US:Vanguard:Cash                         -359.99 USD

2021-01-22 * "Employer match for contribution"
  Assets:US:Vanguard:Cash                          600.00 USD
  Income:US:Hoogle:Match401k                      -600.00 USD

2021-01-25 * "Investing 40% of cash in VBMPX"
  Assets:US:Vanguard:VBMPX                          4.263 VBMPX {112.58 USD, 2021-01-25}
  Assets:US:Vanguard:Cash                         -479.93 USD

2021-01-25 * "Investing 60% of cash in RGAGX"
  Assets:US:Vanguard:RGAGX                         14.833 RGAGX {48.54 USD, 2021-01-25}
  Assets:US:Vanguard:Cash                         -719.99 USD

2021-01-25 * "Investing 40% of cash in VBMPX"
  Assets:US:Vanguard:VBMPX                          2.132 VBMPX {112.58 USD, 2021-01-25}
  Assets:US:Vanguard:Cash                         -240.02 USD

2021-01-25 * "Investing 60% of cash in RGAGX"
  Assets:US:Vanguard:RGAGX                          7.417 RGAGX {48.54 USD, 2021-01-25}
  Assets:US:Vanguard:Cash                         -360.02 USD

2021-02-05 * "Employer match for contribution"
  Assets:US:Vanguard:Cash                          600.00 USD
  Income:US:Hoogle:Match401k                      -600.00 USD

2021-02-08 * "Investing 40% of cash in VBMPX"
  Assets:US:Vanguard:VBMPX                          4.150 VBMPX {115.66 USD, 2021-02-08}
  Assets:US:Vanguard:Cash                         -479.99 USD

2021-02-08 * "Investing 60% of cash in RGAGX"
  Assets:US:Vanguard:RGAGX                         14.706 RGAGX {48.96 USD, 2021-02-08}
  Assets:US:Vanguard:Cash                         -720.01 USD

2021-02-08 * "Investing 40% of cash in VBMPX"
  Assets:US:Vanguard:VBMPX                          2.075 VBMPX {115.66 USD, 2021-02-08}
  Assets:US:Vanguard:Cash                         -239.99 USD

2021-02-08 * "Investing 60% of cash in RGAGX"
  Assets:US:Vanguard:RGAGX                          7.353 RGAGX {48.96 USD, 2021-02-08}
  Assets:US:Vanguard:Cash                         -360.00 USD

2021-02-19 * "Employer match for contribution"
  Assets:US:Vanguard:Cash                          600.00 USD
  Income:US:Hoogle:Match401k                      -600.00 USD

2021-02-22 * "Investing 40% of cash in VBMPX"
  Assets:US:Vanguard:VBMPX                          4.141 VBMPX {115.91 USD, 2021-02-22}
  Assets:US:Vanguard:Cash                         -479.98 USD

2021-02-22 * "Investing 60% of cash in RGAGX"
  Assets:US:Vanguard:RGAGX                         15.022 RGAGX {47.93 USD, 2021-02-22}
  Assets:US:Vanguard:Cash                         -720.00 USD

2021-02-22 * "Investing 40% of cash in VBMPX"
  Assets:US:Vanguard:VBMPX                          2.071 VBMPX {115.91 USD, 2021-02-22}
  Assets:US:Vanguard:Cash                         -240.05 USD

2021-02-22 * "Investing 60% of cash in RGAGX"
  Assets:US:Vanguard:RGAGX                          7.511 RGAGX {47.93 USD, 2021-02-22}
  Assets:US:Vanguard:Cash                         -360.00 USD

2021-03-05 * "Employer match for contribution"
  Assets:US:Vanguard:Cash                          600.00 USD
  Income:US:Hoogle:Match401k                      -600.00 USD

2021-03-08 * "Investing 40% of cash in VBMPX"
  Assets:US:Vanguard:VBMPX                          4.024 VBMPX {119.29 USD, 2021-03-08}
  Assets:US:Vanguard:Cash                         -480.02 USD

2021-03-08 * "Investing 60% of cash in RGAGX"
  Assets:US:Vanguard:RGAGX                         15.355 RGAGX {46.89 USD, 2021-03-08}
  Assets:US:Vanguard:Cash                         -720.00 USD

2021-03-08 * "Investing 40% of cash in VBMPX"
  Assets:US:Vanguard:VBMPX                          2.012 VBMPX {119.29 USD, 2021-03-08}
  Assets:US:Vanguard:Cash                         -240.01 USD

2021-03-08 * "Investing 60% of cash in RGAGX"
  Assets:US:Vanguard:RGAGX                          7.677 RGAGX {46.89 USD, 2021-03-08}
  Assets:US:Vanguard:Cash                         -359.97 USD

2021-03-19 * "Employer match for contribution"
  Assets:US:Vanguard:Cash                          600.00 USD
  Income:US:Hoogle:Match401k                      -600.00 USD

2021-03-22 * "Investing 40% of cash in VBMPX"
  Assets:US:Vanguard:VBMPX                          3.833 VBMPX {125.22 USD, 2021-03-22}
  Assets:US:Vanguard:Cash                         -479.97 USD

2021-03-22 * "Investing 60% of cash in RGAGX"
  Assets:US:Vanguard:RGAGX                         15.342 RGAGX {46.93 USD, 2021-03-22}
  Assets:US:Vanguard:Cash                         -720.00 USD

2021-03-22 * "Investing 40% of cash in VBMPX"
  Assets:US:Vanguard:VBMPX                          1.917 VBMPX {125.22 USD, 2021-03-22}
  Assets:US:Vanguard:Cash                         -240.05 USD

2021-03-22 * "Investing 60% of cash in RGAGX"
  Assets:US:Vanguard:RGAGX                          7.671 RGAGX {46.93 USD, 2021-03-22}
  Assets:US:Vanguard:Cash                         -360.00 USD

2021-04-02 * "Employer match for contribution"
  Assets:US:Vanguard:Cash                          600.00 USD
  Income:US:Hoogle:Match401k                      -600.00 USD

2021-04-05 * "Investing 40% of cash in VBMPX"
  Assets:US:Vanguard:VBMPX                          3.792 VBMPX {126.58 USD, 2021-04-05}
  Assets:US:Vanguard:Cash                         -479.99 USD

2021-04-05 * "Investing 60% of cash in RGAGX"
  Assets:US:Vanguard:RGAGX                         15.628 RGAGX {46.07 USD, 2021-04-05}
  Assets:US:Vanguard:Cash                         -719.98 USD

2021-04-05 * "Investing 40% of cash in VBMPX"
  Assets:US:Vanguard:VBMPX                          1.896 VBMPX {126.58 USD, 2021-04-05}
  Assets:US:Vanguard:Cash                         -240.00 USD

2021-04-05 * "Investing 60% of cash in RGAGX"
  Assets:US:Vanguard:RGAGX                          7.814 RGAGX {46.07 USD, 2021-04-05}
  Assets:US:Vanguard:Cash                         -359.99 USD

2021-04-16 * "Employer match for contribution"
  Assets:US:Vanguard:Cash                          600.00 USD
  Income:US:Hoogle:Match401k                      -600.00 USD

2021-04-19 * "Investing 40% of cash in VBMPX"
  Assets:US:Vanguard:VBMPX                          3.561 VBMPX {134.81 USD, 2021-04-19}
  Assets:US:Vanguard:Cash                         -480.06 USD

2021-04-19 * "Investing 60% of cash in RGAGX"
  Assets:US:Vanguard:RGAGX                         15.765 RGAGX {45.67 USD, 2021-04-19}
  Assets:US:Vanguard:Cash                         -719.99 USD

2021-04-19 * "Investing 40% of cash in VBMPX"
  Assets:US:Vanguard:VBMPX                          1.780 VBMPX {134.81 USD, 2021-04-19}
  Assets:US:Vanguard:Cash                         -239.96 USD

2021-04-19 * "Investing 60% of cash in RGAGX"
  Assets:US:Vanguard:RGAGX                          7.882 RGAGX {45.67 USD, 2021-04-19}
  Assets:US:Vanguard:Cash                         -359.97 USD

2021-04-30 * "Employer match for contribution"
  Assets:US:Vanguard:Cash                          600.00 USD
  Income:US:Hoogle:Match401k                      -600.00 USD

2021-05-03 * "Investing 40% of cash in VBMPX"
  Assets:US:Vanguard:VBMPX                          3.556 VBMPX {134.98 USD, 2021-05-03}
  Assets:US:Vanguard:Cash                         -479.99 USD

2021-05-03 * "Investing 60% of cash in RGAGX"
  Assets:US:Vanguard:RGAGX                         16.111 RGAGX {44.69 USD, 2021-05-03}
  Assets:US:Vanguard:Cash                         -720.00 USD

2021-05-03 * "Investing 40% of cash in VBMPX"
  Assets:US:Vanguard:VBMPX                          1.778 VBMPX {134.98 USD, 2021-05-03}
  Assets:US:Vanguard:Cash                         -239.99 USD

2021-05-03 * "Investing 60% of cash in RGAGX"
  Assets:US:Vanguard:RGAGX                          8.056 RGAGX {44.69 USD, 2021-05-03}
  Assets:US:Vanguard:Cash                         -360.02 USD

2021-05-14 * "Employer match for contribution"
  Assets:US:Vanguard:Cash                          600.00 USD
  Income:US:Hoogle:Match401k                      -600.00 USD

2021-05-17 * "Investing 40% of cash in VBMPX"
  Assets:US:Vanguard:VBMPX                          3.442 VBMPX {139.47 USD, 2021-05-17}
  Assets:US:Vanguard:Cash                         -480.06 USD

2021-05-17 * "Investing 60% of cash in RGAGX"
  Assets:US:Vanguard:RGAGX                         16.086 RGAGX {44.76 USD, 2021-05-17}
  Assets:US:Vanguard:Cash                         -720.01 USD

2021-05-17 * "Investing 40% of cash in VBMPX"
  Assets:US:Vanguard:VBMPX                          1.721 VBMPX {139.47 USD, 2021-05-17}
  Assets:US:Vanguard:Cash                         -240.03 USD

2021-05-17 * "Investing 60% of cash in RGAGX"
  Assets:US:Vanguard:RGAGX                          8.042 RGAGX {44.76 USD, 2021-05-17}
  Assets:US:Vanguard:Cash                         -359.96 USD

2021-05-28 * "Employer match for contribution"
  Assets:US:Vanguard:Cash                          600.00 USD
  Income:US:Hoogle:Match401k                      -600.00 USD

2021-05-31 * "Investing 40% of cash in VBMPX"
  Assets:US:Vanguard:VBMPX                          3.381 VBMPX {141.95 USD, 2021-05-31}
  Assets:US:Vanguard:Cash                         -479.93 USD

2021-05-31 * "Investing 60% of cash in RGAGX"
  Assets:US:Vanguard:RGAGX                         16.168 RGAGX {44.53 USD, 2021-05-31}
  Assets:US:Vanguard:Cash                         -719.96 USD

2021-05-31 * "Investing 40% of cash in VBMPX"
  Assets:US:Vanguard:VBMPX                          1.691 VBMPX {141.95 USD, 2021-05-31}
  Assets:US:Vanguard:Cash                         -240.04 USD

2021-05-31 * "Investing 60% of cash in RGAGX"
  Assets:US:Vanguard:RGAGX                          8.085 RGAGX {44.53 USD, 2021-05-31}
  Assets:US:Vanguard:Cash                         -360.03 USD

2021-06-11 * "Employer match for contribution"
  Assets:US:Vanguard:Cash                          600.00 USD
  Income:US:Hoogle:Match401k                      -600.00 USD

2021-06-14 * "Investing 40% of cash in VBMPX"
  Assets:US:Vanguard:VBMPX                          3.430 VBMPX {139.96 USD, 2021-06-14}
  Assets:US:Vanguard:Cash                         -480.06 USD

2021-06-14 * "Investing 60% of cash in RGAGX"
  Assets:US:Vanguard:RGAGX                         15.947 RGAGX {45.15 USD, 2021-06-14}
  Assets:US:Vanguard:Cash                         -720.01 USD

2021-06-14 * "Investing 40% of cash in VBMPX"
  Assets:US:Vanguard:VBMPX                          1.715 VBMPX {139.96 USD, 2021-06-14}
  Assets:US:Vanguard:Cash                         -240.03 USD

2021-06-14 * "Investing 60% of cash in RGAGX"
  Assets:US:Vanguard:RGAGX                          7.972 RGAGX {45.15 USD, 2021-06-14}
  Assets:US:Vanguard:Cash                         -359.94 USD

2021-06-25 * "Employer match for contribution"
  Assets:US:Vanguard:Cash                          600.00 USD
  Income:US:Hoogle:Match401k                      -600.00 USD

2021-06-28 * "Investing 40% of cash in VBMPX"
  Assets:US:Vanguard:VBMPX                          3.353 VBMPX {143.14 USD, 2021-06-28}
  Assets:US:Vanguard:Cash                         -479.95 USD

2021-06-28 * "Investing 60% of cash in RGAGX"
  Assets:US:Vanguard:RGAGX                         15.921 RGAGX {45.22 USD, 2021-06-28}
  Assets:US:Vanguard:Cash                         -719.95 USD

2021-06-28 * "Investing 40% of cash in VBMPX"
  Assets:US:Vanguard:VBMPX                          1.677 VBMPX {143.14 USD, 2021-06-28}
  Assets:US:Vanguard:Cash                         -240.05 USD

2021-06-28 * "Investing 60% of cash in RGAGX"
  Assets:US:Vanguard:RGAGX                          7.962 RGAGX {45.22 USD, 2021-06-28}
  Assets:US:Vanguard:Cash                         -360.04 USD

2021-07-09 * "Employer match for contribution"
  Assets:US:Vanguard:Cash                          600.00 USD
  Income:US:Hoogle:Match401k                      -600.00 USD

2021-07-12 * "Investing 40% of cash in VBMPX"
  Assets:US:Vanguard:VBMPX                          3.427 VBMPX {140.06 USD, 2021-07-12}
  Assets:US:Vanguard:Cash                         -479.99 USD

2021-07-12 * "Investing 60% of cash in RGAGX"
  Assets:US:Vanguard:RGAGX                         16.330 RGAGX {44.09 USD, 2021-07-12}
  Assets:US:Vanguard:Cash                         -719.99 USD

2021-07-12 * "Investing 40% of cash in VBMPX"
  Assets:US:Vanguard:VBMPX                          1.713 VBMPX {140.06 USD, 2021-07-12}
  Assets:US:Vanguard:Cash                         -239.92 USD

2021-07-12 * "Investing 60% of cash in RGAGX"
  Assets:US:Vanguard:RGAGX                          8.165 RGAGX {44.09 USD, 2021-07-12}
  Assets:US:Vanguard:Cash                         -359.99 USD

2021-07-23 * "Employer match for contribution"
  Assets:US:Vanguard:Cash                          600.00 USD
  Income:US:Hoogle:Match401k                      -600.00 USD

2021-07-26 * "Investing 40% of cash in VBMPX"
  Assets:US:Vanguard:VBMPX                          3.398 VBMPX {141.25 USD, 2021-07-26}
  Assets:US:Vanguard:Cash                         -479.97 USD

2021-07-26 * "Investing 60% of cash in RGAGX"
  Assets:US:Vanguard:RGAGX                         16.835 RGAGX {42.77 USD, 2021-07-26}
  Assets:US:Vanguard:Cash                         -720.03 USD

2021-07-26 * "Investing 40% of cash in VBMPX"
  Assets:US:Vanguard:VBMPX                          1.699 VBMPX {141.25 USD, 2021-07-26}
  Assets:US:Vanguard:Cash                         -239.98 USD

2021-07-26 * "Investing 60% of cash in RGAGX"
  Assets:US:Vanguard:RGAGX                          8.418 RGAGX {42.77 USD, 2021-07-26}
  Assets:US:Vanguard:Cash                         -360.04 USD

2021-08-06 * "Employer match for contribution"
  Assets:US:Vanguard:Cash                          250.00 USD
  Income:US:Hoogle:Match401k                      -250.00 USD

2021-08-09 * "Investing 40% of cash in VBMPX"
  Assets:US:Vanguard:VBMPX                          1.431 VBMPX {139.79 USD, 2021-08-09}
  Assets:US:Vanguard:Cash                         -200.04 USD

2021-08-09 * "Investing 60% of cash in RGAGX"
  Assets:US:Vanguard:RGAGX                          6.877 RGAGX {43.63 USD, 2021-08-09}
  Assets:US:Vanguard:Cash                         -300.04 USD

2021-08-09 * "Investing 40% of cash in VBMPX"
  Assets:US:Vanguard:VBMPX                          0.715 VBMPX {139.79 USD, 2021-08-09}
  Assets:US:Vanguard:Cash                          -99.95 USD

2021-08-09 * "Investing 60% of cash in RGAGX"
  Assets:US:Vanguard:RGAGX                          3.438 RGAGX {43.63 USD, 2021-08-09}
  Assets:US:Vanguard:Cash                         -150.00 USD

2022-01-07 * "Employer match for contribution"
  Assets:US:Vanguard:Cash                          600.00 USD
  Income:US:Hoogle:Match401k                      -600.00 USD

2022-01-10 * "Investing 40% of cash in VBMPX"
  Assets:US:Vanguard:VBMPX                          3.090 VBMPX {155.36 USD, 2022-01-10}
  Assets:US:Vanguard:Cash                         -480.06 USD

2022-01-10 * "Investing 60% of cash in RGAGX"
  Assets:US:Vanguard:RGAGX                         15.551 RGAGX {46.30 USD, 2022-01-10}
  Assets:US:Vanguard:Cash                         -720.01 USD

2022-01-10 * "Investing 40% of cash in VBMPX"
  Assets:US:Vanguard:VBMPX                          1.545 VBMPX {155.36 USD, 2022-01-10}
  Assets:US:Vanguard:Cash                         -240.03 USD

2022-01-10 * "Investing 60% of cash in RGAGX"
  Assets:US:Vanguard:RGAGX                          7.775 RGAGX {46.30 USD, 2022-01-10}
  Assets:US:Vanguard:Cash                         -359.98 USD

2022-01-21 * "Employer match for contribution"
  Assets:US:Vanguard:Cash                          600.00 USD
  Income:US:Hoogle:Match401k                      -600.00 USD

2022-01-24 * "Investing 40% of cash in VBMPX"
  Assets:US:Vanguard:VBMPX                          3.146 VBMPX {152.59 USD, 2022-01-24}
  Assets:US:Vanguard:Cash                         -480.05 USD

2022-01-24 * "Investing 60% of cash in RGAGX"
  Assets:US:Vanguard:RGAGX                         15.199 RGAGX {47.37 USD, 2022-01-24}
  Assets:US:Vanguard:Cash                         -719.98 USD

2022-01-24 * "Investing 40% of cash in VBMPX"
  Assets:US:Vanguard:VBMPX                          1.573 VBMPX {152.59 USD, 2022-01-24}
  Assets:US:Vanguard:Cash                         -240.02 USD

2022-01-24 * "Investing 60% of cash in RGAGX"
  Assets:US:Vanguard:RGAGX                          7.599 RGAGX {47.37 USD, 2022-01-24}
  Assets:US:Vanguard:Cash                         -359.96 USD

2022-02-04 * "Employer match for contribution"
  Assets:US:Vanguard:Cash                          600.00 USD
  Income:US:Hoogle:Match401k                      -600.00 USD

2022-02-07 * "Investing 40% of cash in VBMPX"
  Assets:US:Vanguard:VBMPX                          2.977 VBMPX {161.22 USD, 2022-02-07}
  Assets:US:Vanguard:Cash                         -479.95 USD

2022-02-07 * "Investing 60% of cash in RGAGX"
  Assets:US:Vanguard:RGAGX                         14.959 RGAGX {48.13 USD, 2022-02-07}
  Assets:US:Vanguard:Cash                         -719.98 USD

2022-02-07 * "Investing 40% of cash in VBMPX"
  Assets:US:Vanguard:VBMPX                          1.489 VBMPX {161.22 USD, 2022-02-07}
  Assets:US:Vanguard:Cash                         -240.06 USD

2022-02-07 * "Investing 60% of cash in RGAGX"
  Assets:US:Vanguard:RGAGX                          7.480 RGAGX {48.13 USD, 2022-02-07}
  Assets:US:Vanguard:Cash                         -360.01 USD

2022-02-18 * "Employer match for contribution"
  Assets:US:Vanguard:Cash                          600.00 USD
  Income:US:Hoogle:Match401k                      -600.00 USD

2022-02-21 * "Investing 40% of cash in VBMPX"
  Assets:US:Vanguard:VBMPX                          3.128 VBMPX {153.45 USD, 2022-02-21}
  Assets:US:Vanguard:Cash                         -479.99 USD

2022-02-21 * "Investing 60% of cash in RGAGX"
  Assets:US:Vanguard:RGAGX                         14.419 RGAGX {49.93 USD, 2022-02-21}
  Assets:US:Vanguard:Cash                         -719.94 USD

2022-02-21 * "Investing 40% of cash in VBMPX"
  Assets:US:Vanguard:VBMPX                          1.564 VBMPX {153.45 USD, 2022-02-21}
  Assets:US:Vanguard:Cash                         -240.00 USD

2022-02-21 * "Investing 60% of cash in RGAGX"
  Assets:US:Vanguard:RGAGX                          7.210 RGAGX {49.93 USD, 2022-02-21}
  Assets:US:Vanguard:Cash                         -360.00 USD

2022-03-04 * "Employer match for contribution"
  Assets:US:Vanguard:Cash                          600.00 USD
  Income:US:Hoogle:Match401k                      -600.00 USD

2022-03-07 * "Investing 40% of cash in VBMPX"
  Assets:US:Vanguard:VBMPX                          3.115 VBMPX {154.09 USD, 2022-03-07}
  Assets:US:Vanguard:Cash                         -479.99 USD

2022-03-07 * "Investing 60% of cash in RGAGX"
  Assets:US:Vanguard:RGAGX                         14.634 RGAGX {49.20 USD, 2022-03-07}
  Assets:US:Vanguard:Cash                         -719.99 USD

2022-03-07 * "Investing 40% of cash in VBMPX"
  Assets:US:Vanguard:VBMPX                          1.558 VBMPX {154.09 USD, 2022-03-07}
  Assets:US:Vanguard:Cash                         -240.07 USD

2022-03-07 * "Investing 60% of cash in RGAGX"
  Assets:US:Vanguard:RGAGX                          7.317 RGAGX {49.20 USD, 2022-03-07}
  Assets:US:Vanguard:Cash                         -360.00 USD

2022-03-18 * "Employer match for contribution"
  Assets:US:Vanguard:Cash                          600.00 USD
  Income:US:Hoogle:Match401k                      -600.00 USD

2022-03-21 * "Investing 40% of cash in VBMPX"
  Assets:US:Vanguard:VBMPX                          3.046 VBMPX {157.60 USD, 2022-03-21}
  Assets:US:Vanguard:Cash                         -480.05 USD

2022-03-21 * "Investing 60% of cash in RGAGX"
  Assets:US:Vanguard:RGAGX                         14.820 RGAGX {48.58 USD, 2022-03-21}
  Assets:US:Vanguard:Cash                         -719.96 USD

2022-03-21 * "Investing 40% of cash in VBMPX"
  Assets:US:Vanguard:VBMPX                          1.523 VBMPX {157.60 USD, 2022-03-21}
  Assets:US:Vanguard:Cash                         -240.02 USD

2022-03-21 * "Investing 60% of cash in RGAGX"
  Assets:US:Vanguard:RGAGX                          7.410 RGAGX {48.58 USD, 2022-03-21}
  Assets:US:Vanguard:Cash                         -359.98 USD

2022-04-01 * "Employer match for contribution"
  Assets:US:Vanguard:Cash                          600.00 USD
  Income:US:Hoogle:Match401k                      -600.00 USD

2022-04-04 * "Investing 40% of cash in VBMPX"
  Assets:US:Vanguard:VBMPX                          3.114 VBMPX {154.12 USD, 2022-04-04}
  Assets:US:Vanguard:Cash                         -479.93 USD

2022-04-04 * "Investing 60% of cash in RGAGX"
  Assets:US:Vanguard:RGAGX                         15.322 RGAGX {46.99 USD, 2022-04-04}
  Assets:US:Vanguard:Cash                         -719.98 USD

2022-04-04 * "Investing 40% of cash in VBMPX"
  Assets:US:Vanguard:VBMPX                          1.557 VBMPX {154.12 USD, 2022-04-04}
  Assets:US:Vanguard:Cash                         -239.96 USD

2022-04-04 * "Investing 60% of cash in RGAGX"
  Assets:US:Vanguard:RGAGX                          7.662 RGAGX {46.99 USD, 2022-04-04}
  Assets:US:Vanguard:Cash                         -360.04 USD

2022-04-15 * "Employer match for contribution"
  Assets:US:Vanguard:Cash                          600.00 USD
  Income:US:Hoogle:Match401k                      -600.00 USD

2022-04-18 * "Investing 40% of cash in VBMPX"
  Assets:US:Vanguard:VBMPX                          3.157 VBMPX {152.04 USD, 2022-04-18}
  Assets:US:Vanguard:Cash                         -479.99 USD

2022-04-18 * "Investing 60% of cash in RGAGX"
  Assets:US:Vanguard:RGAGX                         14.985 RGAGX {48.05 USD, 2022-04-18}
  Assets:US:Vanguard:Cash                         -720.03 USD

2022-04-18 * "Investing 40% of cash in VBMPX"
  Assets:US:Vanguard:VBMPX                          1.579 VBMPX {152.04 USD, 2022-04-18}
  Assets:US:Vanguard:Cash                         -240.07 USD

2022-04-18 * "Investing 60% of cash in RGAGX"
  Assets:US:Vanguard:RGAGX                          7.492 RGAGX {48.05 USD, 2022-04-18}
  Assets:US:Vanguard:Cash                         -359.99 USD

2022-04-29 * "Employer match for contribution"
  Assets:US:Vanguard:Cash                          600.00 USD
  Income:US:Hoogle:Match401k                      -600.00 USD

2022-05-02 * "Investing 40% of cash in VBMPX"
  Assets:US:Vanguard:VBMPX                          3.184 VBMPX {150.77 USD, 2022-05-02}
  Assets:US:Vanguard:Cash                         -480.05 USD

2022-05-02 * "Investing 60% of cash in RGAGX"
  Assets:US:Vanguard:RGAGX                         14.601 RGAGX {49.31 USD, 2022-05-02}
  Assets:US:Vanguard:Cash                         -719.98 USD

2022-05-02 * "Investing 40% of cash in VBMPX"
  Assets:US:Vanguard:VBMPX                          1.592 VBMPX {150.77 USD, 2022-05-02}
  Assets:US:Vanguard:Cash                         -240.03 USD

2022-05-02 * "Investing 60% of cash in RGAGX"
  Assets:US:Vanguard:RGAGX                          7.300 RGAGX {49.31 USD, 2022-05-02}
  Assets:US:Vanguard:Cash                         -359.96 USD

2022-05-13 * "Employer match for contribution"
  Assets:US:Vanguard:Cash                          600.00 USD
  Income:US:Hoogle:Match401k                      -600.00 USD

2022-05-16 * "Investing 40% of cash in VBMPX"
  Assets:US:Vanguard:VBMPX                          3.154 VBMPX {152.19 USD, 2022-05-16}
  Assets:US:Vanguard:Cash                         -480.01 USD

2022-05-16 * "Investing 60% of cash in RGAGX"
  Assets:US:Vanguard:RGAGX                         14.431 RGAGX {49.89 USD, 2022-05-16}
  Assets:US:Vanguard:Cash                         -719.96 USD

2022-05-16 * "Investing 40% of cash in VBMPX"
  Assets:US:Vanguard:VBMPX                          1.577 VBMPX {152.19 USD, 2022-05-16}
  Assets:US:Vanguard:Cash                         -240.00 USD

2022-05-16 * "Investing 60% of cash in RGAGX"
  Assets:US:Vanguard:RGAGX                          7.215 RGAGX {49.89 USD, 2022-05-16}
  Assets:US:Vanguard:Cash                         -359.96 USD

2022-05-27 * "Employer match for contribution"
  Assets:US:Vanguard:Cash                          600.00 USD
  Income:US:Hoogle:Match401k                      -600.00 USD

2022-05-30 * "Investing 40% of cash in VBMPX"
  Assets:US:Vanguard:VBMPX                          3.151 VBMPX {152.31 USD, 2022-05-30}
  Assets:US:Vanguard:Cash                         -479.93 USD

2022-05-30 * "Investing 60% of cash in RGAGX"
  Assets:US:Vanguard:RGAGX                         14.323 RGAGX {50.27 USD, 2022-05-30}
  Assets:US:Vanguard:Cash                         -720.02 USD

2022-05-30 * "Investing 40% of cash in VBMPX"
  Assets:US:Vanguard:VBMPX                          1.576 VBMPX {152.31 USD, 2022-05-30}
  Assets:US:Vanguard:Cash                         -240.04 USD

2022-05-30 * "Investing 60% of cash in RGAGX"
  Assets:US:Vanguard:RGAGX                          7.162 RGAGX {50.27 USD, 2022-05-30}
  Assets:US:Vanguard:Cash                         -360.03 USD

2022-06-10 * "Employer match for contribution"
  Assets:US:Vanguard:Cash                          600.00 USD
  Income:US:Hoogle:Match401k                      -600.00 USD

2022-06-13 * "Investing 40% of cash in VBMPX"
  Assets:US:Vanguard:VBMPX                          3.244 VBMPX {147.97 USD, 2022-06-13}
  Assets:US:Vanguard:Cash                         -480.01 USD

2022-06-13 * "Investing 60% of cash in RGAGX"
  Assets:US:Vanguard:RGAGX                         14.260 RGAGX {50.49 USD, 2022-06-13}
  Assets:US:Vanguard:Cash                         -719.99 USD

2022-06-13 * "Investing 40% of cash in VBMPX"
  Assets:US:Vanguard:VBMPX                          1.622 VBMPX {147.97 USD, 2022-06-13}
  Assets:US:Vanguard:Cash                         -240.01 USD

2022-06-13 * "Investing 60% of cash in RGAGX"
  Assets:US:Vanguard:RGAGX                          7.130 RGAGX {50.49 USD, 2022-06-13}
  Assets:US:Vanguard:Cash                         -359.99 USD

2022-06-24 * "Employer match for contribution"
  Assets:US:Vanguard:Cash                          600.00 USD
  Income:US:Hoogle:Match401k                      -600.00 USD

2022-06-27 * "Investing 40% of cash in VBMPX"
  Assets:US:Vanguard:VBMPX                          3.237 VBMPX {148.29 USD, 2022-06-27}
  Assets:US:Vanguard:Cash                         -480.01 USD

2022-06-27 * "Investing 60% of cash in RGAGX"
  Assets:US:Vanguard:RGAGX                         14.232 RGAGX {50.59 USD, 2022-06-27}
  Assets:US:Vanguard:Cash                         -720.00 USD

2022-06-27 * "Investing 40% of cash in VBMPX"
  Assets:US:Vanguard:VBMPX                          1.618 VBMPX {148.29 USD, 2022-06-27}
  Assets:US:Vanguard:Cash                         -239.93 USD

2022-06-27 * "Investing 60% of cash in RGAGX"
  Assets:US:Vanguard:RGAGX                          7.116 RGAGX {50.59 USD, 2022-06-27}
  Assets:US:Vanguard:Cash                         -360.00 USD

2022-07-08 * "Employer match for contribution"
  Assets:US:Vanguard:Cash                          600.00 USD
  Income:US:Hoogle:Match401k                      -600.00 USD

2022-07-11 * "Investing 40% of cash in VBMPX"
  Assets:US:Vanguard:VBMPX                          3.113 VBMPX {154.18 USD, 2022-07-11}
  Assets:US:Vanguard:Cash                         -479.96 USD

2022-07-11 * "Investing 60% of cash in RGAGX"
  Assets:US:Vanguard:RGAGX                         14.398 RGAGX {50.01 USD, 2022-07-11}
  Assets:US:Vanguard:Cash                         -720.04 USD

2022-07-11 * "Investing 40% of cash in VBMPX"
  Assets:US:Vanguard:VBMPX                          1.557 VBMPX {154.18 USD, 2022-07-11}
  Assets:US:Vanguard:Cash                         -240.06 USD

2022-07-11 * "Investing 60% of cash in RGAGX"
  Assets:US:Vanguard:RGAGX                          7.199 RGAGX {50.01 USD, 2022-07-11}
  Assets:US:Vanguard:Cash                         -360.02 USD

2022-07-22 * "Employer match for contribution"
  Assets:US:Vanguard:Cash                          600.00 USD
  Income:US:Hoogle:Match401k                      -600.00 USD

2022-07-25 * "Investing 40% of cash in VBMPX"
  Assets:US:Vanguard:VBMPX                          3.200 VBMPX {149.98 USD, 2022-07-25}
  Assets:US:Vanguard:Cash                         -479.94 USD

2022-07-25 * "Investing 60% of cash in RGAGX"
  Assets:US:Vanguard:RGAGX                         13.819 RGAGX {52.10 USD, 2022-07-25}
  Assets:US:Vanguard:Cash                         -719.97 USD

2022-07-25 * "Investing 40% of cash in VBMPX"
  Assets:US:Vanguard:VBMPX                          1.600 VBMPX {149.98 USD, 2022-07-25}
  Assets:US:Vanguard:Cash                         -239.97 USD

2022-07-25 * "Investing 60% of cash in RGAGX"
  Assets:US:Vanguard:RGAGX                          6.910 RGAGX {52.10 USD, 2022-07-25}
  Assets:US:Vanguard:Cash                         -360.01 USD

2022-08-05 * "Employer match for contribution"
  Assets:US:Vanguard:Cash                          250.00 USD
  Income:US:Hoogle:Match401k                      -250.00 USD

2022-08-08 * "Investing 40% of cash in VBMPX"
  Assets:US:Vanguard:VBMPX                          1.348 VBMPX {148.37 USD, 2022-08-08}
  Assets:US:Vanguard:Cash                         -200.00 USD

2022-08-08 * "Investing 60% of cash in RGAGX"
  Assets:US:Vanguard:RGAGX                          5.624 RGAGX {53.35 USD, 2022-08-08}
  Assets:US:Vanguard:Cash                         -300.04 USD

2022-08-08 * "Investing 40% of cash in VBMPX"
  Assets:US:Vanguard:VBMPX                          0.674 VBMPX {148.37 USD, 2022-08-08}
  Assets:US:Vanguard:Cash                         -100.00 USD

2022-08-08 * "Investing 60% of cash in RGAGX"
  Assets:US:Vanguard:RGAGX                          2.812 RGAGX {53.35 USD, 2022-08-08}
  Assets:US:Vanguard:Cash                         -150.02 USD

2023-01-06 * "Employer match for contribution"
  Assets:US:Vanguard:Cash                          600.00 USD
  Income:US:Hoogle:Match401k                      -600.00 USD

2023-01-09 * "Investing 40% of cash in VBMPX"
  Assets:US:Vanguard:VBMPX                          3.535 VBMPX {135.77 USD, 2023-01-09}
  Assets:US:Vanguard:Cash                         -479.95 USD

2023-01-09 * "Investing 60% of cash in RGAGX"
  Assets:US:Vanguard:RGAGX                         12.796 RGAGX {56.27 USD, 2023-01-09}
  Assets:US:Vanguard:Cash                         -720.03 USD

2023-01-09 * "Investing 40% of cash in VBMPX"
  Assets:US:Vanguard:VBMPX                          1.768 VBMPX {135.77 USD, 2023-01-09}
  Assets:US:Vanguard:Cash                         -240.04 USD

2023-01-09 * "Investing 60% of cash in RGAGX"
  Assets:US:Vanguard:RGAGX                          6.398 RGAGX {56.27 USD, 2023-01-09}
  Assets:US:Vanguard:Cash                         -360.02 USD

2023-01-20 * "Employer match for contribution"
  Assets:US:Vanguard:Cash                          600.00 USD
  Income:US:Hoogle:Match401k                      -600.00 USD

2023-01-23 * "Investing 40% of cash in VBMPX"
  Assets:US:Vanguard:VBMPX                          3.537 VBMPX {135.72 USD, 2023-01-23}
  Assets:US:Vanguard:Cash                         -480.04 USD

2023-01-23 * "Investing 60% of cash in RGAGX"
  Assets:US:Vanguard:RGAGX                         12.871 RGAGX {55.94 USD, 2023-01-23}
  Assets:US:Vanguard:Cash                         -720.00 USD

2023-01-23 * "Investing 40% of cash in VBMPX"
  Assets:US:Vanguard:VBMPX                          1.768 VBMPX {135.72 USD, 2023-01-23}
  Assets:US:Vanguard:Cash                         -239.95 USD

2023-01-23 * "Investing 60% of cash in RGAGX"
  Assets:US:Vanguard:RGAGX                          6.435 RGAGX {55.94 USD, 2023-01-23}
  Assets:US:Vanguard:Cash                         -359.97 USD

2023-02-03 * "Employer match for contribution"
  Assets:US:Vanguard:Cash                          600.00 USD
  Income:US:Hoogle:Match401k                      -600.00 USD

2023-02-06 * "Investing 40% of cash in VBMPX"
  Assets:US:Vanguard:VBMPX                          3.605 VBMPX {133.16 USD, 2023-02-06}
  Assets:US:Vanguard:Cash                         -480.04 USD

2023-02-06 * "Investing 60% of cash in RGAGX"
  Assets:US:Vanguard:RGAGX                         12.952 RGAGX {55.59 USD, 2023-02-06}
  Assets:US:Vanguard:Cash                         -720.00 USD

2023-02-06 * "Investing 40% of cash in VBMPX"
  Assets:US:Vanguard:VBMPX                          1.802 VBMPX {133.16 USD, 2023-02-06}
  Assets:US:Vanguard:Cash                         -239.95 USD

2023-02-06 * "Investing 60% of cash in RGAGX"
  Assets:US:Vanguard:RGAGX                          6.476 RGAGX {55.59 USD, 2023-02-06}
  Assets:US:Vanguard:Cash                         -360.00 USD

2023-02-17 * "Employer match for contribution"
  Assets:US:Vanguard:Cash                          600.00 USD
  Income:US:Hoogle:Match401k                      -600.00 USD

2023-02-20 * "Investing 40% of cash in VBMPX"
  Assets:US:Vanguard:VBMPX                          3.683 VBMPX {130.34 USD, 2023-02-20}
  Assets:US:Vanguard:Cash                         -480.04 USD

2023-02-20 * "Investing 60% of cash in RGAGX"
  Assets:US:Vanguard:RGAGX                         12.978 RGAGX {55.48 USD, 2023-02-20}
  Assets:US:Vanguard:Cash                         -720.02 USD

2023-02-20 * "Investing 40% of cash in VBMPX"
  Assets:US:Vanguard:VBMPX                          1.841 VBMPX {130.34 USD, 2023-02-20}
  Assets:US:Vanguard:Cash                         -239.96 USD

2023-02-20 * "Investing 60% of cash in RGAGX"
  Assets:US:Vanguard:RGAGX                          6.488 RGAGX {55.48 USD, 2023-02-20}
  Assets:US:Vanguard:Cash                         -359.95 USD

2023-03-03 * "Employer match for contribution"
  Assets:US:Vanguard:Cash                          600.00 USD
  Income:US:Hoogle:Match401k                      -600.00 USD

2023-03-06 * "Investing 40% of cash in VBMPX"
  Assets:US:Vanguard:VBMPX                          3.677 VBMPX {130.54 USD, 2023-03-06}
  Assets:US:Vanguard:Cash                         -480.00 USD

2023-03-06 * "Investing 60% of cash in RGAGX"
  Assets:US:Vanguard:RGAGX                         13.013 RGAGX {55.33 USD, 2023-03-06}
  Assets:US:Vanguard:Cash                         -720.01 USD

2023-03-06 * "Investing 40% of cash in VBMPX"
  Assets:US:Vanguard:VBMPX                          1.839 VBMPX {130.54 USD, 2023-03-06}
  Assets:US:Vanguard:Cash                         -240.06 USD

2023-03-06 * "Investing 60% of cash in RGAGX"
  Assets:US:Vanguard:RGAGX                          6.507 RGAGX {55.33 USD, 2023-03-06}
  Assets:US:Vanguard:Cash                         -360.03 USD

2023-03-17 * "Employer match for contribution"
  Assets:US:Vanguard:Cash                          600.00 USD
  Income:US:Hoogle:Match401k                      -600.00 USD

2023-03-20 * "Investing 40% of cash in VBMPX"
  Assets:US:Vanguard:VBMPX                          3.504 VBMPX {136.99 USD, 2023-03-20}
  Assets:US:Vanguard:Cash                         -480.01 USD

2023-03-20 * "Investing 60% of cash in RGAGX"
  Assets:US:Vanguard:RGAGX                         13.031 RGAGX {55.25 USD, 2023-03-20}
  Assets:US:Vanguard:Cash                         -719.96 USD

2023-03-20 * "Investing 40% of cash in VBMPX"
  Assets:US:Vanguard:VBMPX                          1.752 VBMPX {136.99 USD, 2023-03-20}
  Assets:US:Vanguard:Cash                         -240.01 USD

2023-03-20 * "Investing 60% of cash in RGAGX"
  Assets:US:Vanguard:RGAGX                          6.516 RGAGX {55.25 USD, 2023-03-20}
  Assets:US:Vanguard:Cash                         -360.01 USD

2023-03-31 * "Employer match for contribution"
  Assets:US:Vanguard:Cash                          600.00 USD
  Income:US:Hoogle:Match401k                      -600.00 USD

2023-04-03 * "Investing 40% of cash in VBMPX"
  Assets:US:Vanguard:VBMPX                          3.649 VBMPX {131.55 USD, 2023-04-03}
  Assets:US:Vanguard:Cash                         -480.03 USD

2023-04-03 * "Investing 60% of cash in RGAGX"
  Assets:US:Vanguard:RGAGX                         13.172 RGAGX {54.66 USD, 2023-04-03}
  Assets:US:Vanguard:Cash                         -719.98 USD

2023-04-03 * "Investing 40% of cash in VBMPX"
  Assets:US:Vanguard:VBMPX                          1.824 VBMPX {131.55 USD, 2023-04-03}
  Assets:US:Vanguard:Cash                         -239.95 USD

2023-04-03 * "Investing 60% of cash in RGAGX"
  Assets:US:Vanguard:RGAGX                          6.586 RGAGX {54.66 USD, 2023-04-03}
  Assets:US:Vanguard:Cash                         -359.99 USD

2023-04-14 * "Employer match for contribution"
  Assets:US:Vanguard:Cash                          600.00 USD
  Income:US:Hoogle:Match401k                      -600.00 USD

2023-04-17 * "Investing 40% of cash in VBMPX"
  Assets:US:Vanguard:VBMPX                          3.521 VBMPX {136.31 USD, 2023-04-17}
  Assets:US:Vanguard:Cash                         -479.95 USD

2023-04-17 * "Investing 60% of cash in RGAGX"
  Assets:US:Vanguard:RGAGX                         12.936 RGAGX {55.66 USD, 2023-04-17}
  Assets:US:Vanguard:Cash                         -720.02 USD

2023-04-17 * "Investing 40% of cash in VBMPX"
  Assets:US:Vanguard:VBMPX                          1.761 VBMPX {136.31 USD, 2023-04-17}
  Assets:US:Vanguard:Cash                         -240.04 USD

2023-04-17 * "Investing 60% of cash in RGAGX"
  Assets:US:Vanguard:RGAGX                          6.468 RGAGX {55.66 USD, 2023-04-17}
  Assets:US:Vanguard:Cash                         -360.01 USD

2023-04-28 * "Employer match for contribution"
  Assets:US:Vanguard:Cash                          600.00 USD
  Income:US:Hoogle:Match401k                      -600.00 USD

2023-05-01 * "Investing 40% of cash in VBMPX"
  Assets:US:Vanguard:VBMPX                          3.516 VBMPX {136.50 USD, 2023-05-01}
  Assets:US:Vanguard:Cash                         -479.93 USD

2023-05-01 * "Investing 60% of cash in RGAGX"
  Assets:US:Vanguard:RGAGX                         13.124 RGAGX {54.86 USD, 2023-05-01}
  Assets:US:Vanguard:Cash                         -719.98 USD

2023-05-01 * "Investing 40% of cash in VBMPX"
  Assets:US:Vanguard:VBMPX                          1.758 VBMPX {136.50 USD, 2023-05-01}
  Assets:US:Vanguard:Cash                         -239.97 USD

2023-05-01 * "Investing 60% of cash in RGAGX"
  Assets:US:Vanguard:RGAGX                          6.563 RGAGX {54.86 USD, 2023-05-01}
  Assets:US:Vanguard:Cash                         -360.05 USD

2023-05-12 * "Employer match for contribution"
  Assets:US:Vanguard:Cash                          600.00 USD
  Income:US:Hoogle:Match401k                      -600.00 USD

2023-05-15 * "Investing 40% of cash in VBMPX"
  Assets:US:Vanguard:VBMPX                          3.604 VBMPX {133.19 USD, 2023-05-15}
  Assets:US:Vanguard:Cash                         -480.02 USD

2023-05-15 * "Investing 60% of cash in RGAGX"
  Assets:US:Vanguard:RGAGX                         13.073 RGAGX {55.08 USD, 2023-05-15}
  Assets:US:Vanguard:Cash                         -720.06 USD

2023-05-15 * "Investing 40% of cash in VBMPX"
  Assets:US:Vanguard:VBMPX                          1.802 VBMPX {133.19 USD, 2023-05-15}
  Assets:US:Vanguard:Cash                         -240.01 USD

2023-05-15 * "Investing 60% of cash in RGAGX"
  Assets:US:Vanguard:RGAGX                          6.536 RGAGX {55.08 USD, 2023-05-15}
  Assets:US:Vanguard:Cash                         -360.00 USD



* Sources of Income

2021-01-01 open Income:US:Hoogle:Salary                      USD
2021-01-01 open Income:US:Hoogle:GroupTermLife               USD
2021-01-01 open Income:US:Hoogle:Vacation                    VACHR
2021-01-01 open Assets:US:Hoogle:Vacation                    VACHR
2021-01-01 open Expenses:Vacation                               VACHR
2021-01-01 open Expenses:Health:Life:GroupTermLife
2021-01-01 open Expenses:Health:Medical:Insurance
2021-01-01 open Expenses:Health:Dental:Insurance
2021-01-01 open Expenses:Health:Vision:Insurance

2021-01-01 event "employer" "Hoogle, 1600 Amphibious Parkway, River View, CA"

2021-01-07 * "Hoogle" "Payroll"
  Assets:US:BofA:Checking                         1350.60 USD
  Assets:US:Vanguard:Cash                         1200.00 USD
  Income:US:Hoogle:Salary                        -4615.38 USD
  Income:US:Hoogle:GroupTermLife                   -24.32 USD
  Expenses:Health:Life:GroupTermLife                24.32 USD
  Expenses:Health:Dental:Insurance                   2.90 USD
  Expenses:Health:Medical:Insurance                 27.38 USD
  Expenses:Health:Vision:Insurance                  42.30 USD
  Expenses:Taxes:Y2021:US:Medicare                 106.62 USD
  Expenses:Taxes:Y2021:US:Federal                 1062.92 USD
  Expenses:Taxes:Y2021:US:State                    365.08 USD
  Expenses:Taxes:Y2021:US:CityNYC                  174.92 USD
  Expenses:Taxes:Y2021:US:SDI                        1.12 USD
  Expenses:Taxes:Y2021:US:SocSec                   281.54 USD
  Assets:US:Federal:PreTax401k                   -1200.00 IRAUSD
  Expenses:Taxes:Y2021:US:Federal:PreTax401k      1200.00 IRAUSD
  Assets:US:Hoogle:Vacation                             5 VACHR
  Income:US:Hoogle:Vacation                            -5 VACHR

2021-01-21 * "Hoogle" "Payroll"
  Assets:US:BofA:Checking                         1350.60 USD
  Assets:US:Vanguard:Cash                         1200.00 USD
  Income:US:Hoogle:Salary                        -4615.38 USD
  Income:US:Hoogle:GroupTermLife                   -24.32 USD
  Expenses:Health:Life:GroupTermLife                24.32 USD
  Expenses:Health:Dental:Insurance                   2.90 USD
  Expenses:Health:Medical:Insurance                 27.38 USD
  Expenses:Health:Vision:Insurance                  42.30 USD
  Expenses:Taxes:Y2021:US:Medicare                 106.62 USD
  Expenses:Taxes:Y2021:US:Federal                 1062.92 USD
  Expenses:Taxes:Y2021:US:State                    365.08 USD
  Expenses:Taxes:Y2021:US:CityNYC                  174.92 USD
  Expenses:Taxes:Y2021:US:SDI                        1.12 USD
  Expenses:Taxes:Y2021:US:SocSec                   281.54 USD
  Assets:US:Federal:PreTax401k                   -1200.00 IRAUSD
  Expenses:Taxes:Y2021:US:Federal:PreTax401k      1200.00 IRAUSD
  Assets:US:Hoogle:Vacation                             5 VACHR
  Income:US:Hoogle:Vacation                            -5 VACHR

2021-02-04 * "Hoogle" "Payroll"
  Assets:US:BofA:Checking                         1350.60 USD
  Assets:US:Vanguard:Cash                         1200.00 USD
  Income:US:Hoogle:Salary                        -4615.38 USD
  Income:US:Hoogle:GroupTermLife                   -24.32 USD
  Expenses:Health:Life:GroupTermLife                24.32 USD
  Expenses:Health:Dental:Insurance                   2.90 USD
  Expenses:Health:Medical:Insurance                 27.38 USD
  Expenses:Health:Vision:Insurance                  42.30 USD
  Expenses:Taxes:Y2021:US:Medicare                 106.62 USD
  Expenses:Taxes:Y2021:US:Federal                 1062.92 USD
  Expenses:Taxes:Y2021:US:State                    365.08 USD
  Expenses:Taxes:Y2021:US:CityNYC                  174.92 USD
  Expenses:Taxes:Y2021:US:SDI                        1.12 USD
  Expenses:Taxes:Y2021:US:SocSec                   281.54 USD
  Assets:US:Federal:PreTax401k                   -1200.00 IRAUSD
  Expenses:Taxes:Y2021:US:Federal:PreTax401k      1200.00 IRAUSD
  Assets:US:Hoogle:Vacation                             5 VACHR
  Income:US:Hoogle:Vacation                            -5 VACHR

2021-02-18 * "Hoogle" "Payroll"
  Assets:US:BofA:Checking                         1350.60 USD
  Assets:US:Vanguard:Cash                         1200.00 USD
  Income:US:Hoogle:Salary                        -4615.38 USD
  Income:US:Hoogle:GroupTermLife                   -24.32 USD
  Expenses:Health:Life:GroupTermLife                24.32 USD
  Expenses:Health:Dental:Insurance                   2.90 USD
  Expenses:Health:Medical:Insurance                 27.38 USD
  Expenses:Health:Vision:Insurance                  42.30 USD
  Expenses:Taxes:Y2021:US:Medicare                 106.62 USD
  Expenses:Taxes:Y2021:US:Federal                 1062.92 USD
  Expenses:Taxes:Y2021:US:State                    365.08 USD
  Expenses:Taxes:Y2021:US:CityNYC                  174.92 USD
  Expenses:Taxes:Y2021:US:SDI                        1.12 USD
  Expenses:Taxes:Y2021:US:SocSec                   281.54 USD
  Assets:US:Federal:PreTax401k                   -1200.00 IRAUSD
  Expenses:Taxes:Y2021:US:Federal:PreTax401k      1200.00 IRAUSD
  Assets:US:Hoogle:Vacation                             5 VACHR
  Income:US:Hoogle:Vacation                            -5 VACHR

2021-03-04 * "Hoogle" "Payroll"
  Assets:US:BofA:Checking                         1350.60 USD
  Assets:US:Vanguard:Cash                         1200.00 USD
  Income:US:Hoogle:Salary                        -4615.38 USD
  Income:US:Hoogle:GroupTermLife                   -24.32 USD
  Expenses:Health:Life:GroupTermLife                24.32 USD
  Expenses:Health:Dental:Insurance                   2.90 USD
  Expenses:Health:Medical:Insurance                 27.38 USD
  Expenses:Health:Vision:Insurance                  42.30 USD
  Expenses:Taxes:Y2021:US:Medicare                 106.62 USD
  Expenses:Taxes:Y2021:US:Federal                 1062.92 USD
  Expenses:Taxes:Y2021:US:State                    365.08 USD
  Expenses:Taxes:Y2021:US:CityNYC                  174.92 USD
  Expenses:Taxes:Y2021:US:SDI                        1.12 USD
  Expenses:Taxes:Y2021:US:SocSec                   281.54 USD
  Assets:US:Federal:PreTax401k                   -1200.00 IRAUSD
  Expenses:Taxes:Y2021:US:Federal:PreTax401k      1200.00 IRAUSD
  Assets:US:Hoogle:Vacation                             5 VACHR
  Income:US:Hoogle:Vacation                            -5 VACHR

2021-03-18 * "Hoogle" "Payroll"
  Assets:US:BofA:Checking                         1350.60 USD
  Assets:US:Vanguard:Cash                         1200.00 USD
  Income:US:Hoogle:Salary                        -4615.38 USD
  Income:US:Hoogle:GroupTermLife                   -24.32 USD
  Expenses:Health:Life:GroupTermLife                24.32 USD
  Expenses:Health:Dental:Insurance                   2.90 USD
  Expenses:Health:Medical:Insurance                 27.38 USD
  Expenses:Health:Vision:Insurance                  42.30 USD
  Expenses:Taxes:Y2021:US:Medicare                 106.62 USD
  Expenses:Taxes:Y2021:US:Federal                 1062.92 USD
  Expenses:Taxes:Y2021:US:State                    365.08 USD
  Expenses:Taxes:Y2021:US:CityNYC                  174.92 USD
  Expenses:Taxes:Y2021:US:SDI                        1.12 USD
  Expenses:Taxes:Y2021:US:SocSec                   281.54 USD
  Assets:US:Federal:PreTax401k                   -1200.00 IRAUSD
  Expenses:Taxes:Y2021:US:Federal:PreTax401k      1200.00 IRAUSD
  Assets:US:Hoogle:Vacation                             5 VACHR
  Income:US:Hoogle:Vacation                            -5 VACHR

2021-04-01 * "Hoogle" "Payroll"
  Assets:US:BofA:Checking                         1350.60 USD
  Assets:US:Vanguard:Cash                         1200.00 USD
  Income:US:Hoogle:Salary                        -4615.38 USD
  Income:US:Hoogle:GroupTermLife                   -24.32 USD
  Expenses:Health:Life:GroupTermLife                24.32 USD
  Expenses:Health:Dental:Insurance                   2.90 USD
  Expenses:Health:Medical:Insurance                 27.38 USD
  Expenses:Health:Vision:Insurance                  42.30 USD
  Expenses:Taxes:Y2021:US:Medicare                 106.62 USD
  Expenses:Taxes:Y2021:US:Federal                 1062.92 USD
  Expenses:Taxes:Y2021:US:State                    365.08 USD
  Expenses:Taxes:Y2021:US:CityNYC                  174.92 USD
  Expenses:Taxes:Y2021:US:SDI                        1.12 USD
  Expenses:Taxes:Y2021:US:SocSec                   281.54 USD
  Assets:US:Federal:PreTax401k                   -1200.00 IRAUSD
  Expenses:Taxes:Y2021:US:Federal:PreTax401k      1200.00 IRAUSD
  Assets:US:Hoogle:Vacation                             5 VACHR
  Income:US:Hoogle:Vacation                            -5 VACHR

2021-04-15 * "Hoogle" "Payroll"
  Assets:US:BofA:Checking                         1350.60 USD
  Assets:US:Vanguard:Cash                         1200.00 USD
  Income:US:Hoogle:Salary                        -4615.38 USD
  Income:US:Hoogle:GroupTermLife                   -24.32 USD
  Expenses:Health:Life:GroupTermLife                24.32 USD
  Expenses:Health:Dental:Insurance                   2.90 USD
  Expenses:Health:Medical:Insurance                 27.38 USD
  Expenses:Health:Vision:Insurance                  42.30 USD
  Expenses:Taxes:Y2021:US:Medicare                 106.62 USD
  Expenses:Taxes:Y2021:US:Federal                 1062.92 USD
  Expenses:Taxes:Y2021:US:State                    365.08 USD
  Expenses:Taxes:Y2021:US:CityNYC                  174.92 USD
  Expenses:Taxes:Y2021:US:SDI                        1.12 USD
  Expenses:Taxes:Y2021:US:SocSec                   281.54 USD
  Assets:US:Federal:PreTax401k                   -1200.00 IRAUSD
  Expenses:Taxes:Y2021:US:Federal:PreTax401k      1200.00 IRAUSD
  Assets:US:Hoogle:Vacation                             5 VACHR
  Income:US:Hoogle:Vacation                            -5 VACHR

2021-04-29 * "Hoogle" "Payroll"
  Assets:US:BofA:Checking                         1350.60 USD
  Assets:US:Vanguard:Cash                         1200.00 USD
  Income:US:Hoogle:Salary                        -4615.38 USD
  Income:US:Hoogle:GroupTermLife                   -24.32 USD
  Expenses:Health:Life:GroupTermLife                24.32 USD
  Expenses:Health:Dental:Insurance                   2.90 USD
  Expenses:Health:Medical:Insurance                 27.38 USD
  Expenses:Health:Vision:Insurance                  42.30 USD
  Expenses:Taxes:Y2021:US:Medicare                 106.62 USD
  Expenses:Taxes:Y2021:US:Federal                 1062.92 USD
  Expenses:Taxes:Y2021:US:State                    365.08 USD
  Expenses:Taxes:Y2021:US:CityNYC                  174.92 USD
  Expenses:Taxes:Y2021:US:SDI                        1.12 USD
  Expenses:Taxes:Y2021:US:SocSec                   281.54 USD
  Assets:US:Federal:PreTax401k                   -1200.00 IRAUSD
  Expenses:Taxes:Y2021:US:Federal:PreTax401k      1200.00 IRAUSD
  Assets:US:Hoogle:Vacation                             5 VACHR
  Income:US:Hoogle:Vacation                            -5 VACHR

2021-05-13 * "Hoogle" "Payroll"
  Assets:US:BofA:Checking                         1350.60 USD
  Assets:US:Vanguard:Cash                         1200.00 USD
  Income:US:Hoogle:Salary                        -4615.38 USD
  Income:US:Hoogle:GroupTermLife                   -24.32 USD
  Expenses:Health:Life:GroupTermLife                24.32 USD
  Expenses:Health:Dental:Insurance                   2.90 USD
  Expenses:Health:Medical:Insurance                 27.38 USD
  Expenses:Health:Vision:Insurance                  42.30 USD
  Expenses:Taxes:Y2021:US:Medicare                 106.62 USD
  Expenses:Taxes:Y2021:US:Federal                 1062.92 USD
  Expenses:Taxes:Y2021:US:State                    365.08 USD
  Expenses:Taxes:Y2021:US:CityNYC                  174.92 USD
  Expenses:Taxes:Y2021:US:SDI                        1.12 USD
  Expenses:Taxes:Y2021:US:SocSec                   281.54 USD
  Assets:US:Federal:PreTax401k                   -1200.00 IRAUSD
  Expenses:Taxes:Y2021:US:Federal:PreTax401k      1200.00 IRAUSD
  Assets:US:Hoogle:Vacation                             5 VACHR
  Income:US:Hoogle:Vacation                            -5 VACHR

2021-05-27 * "Hoogle" "Payroll"
  Assets:US:BofA:Checking                         1350.60 USD
  Assets:US:Vanguard:Cash                         1200.00 USD
  Income:US:Hoogle:Salary                        -4615.38 USD
  Income:US:Hoogle:GroupTermLife                   -24.32 USD
  Expenses:Health:Life:GroupTermLife                24.32 USD
  Expenses:Health:Dental:Insurance                   2.90 USD
  Expenses:Health:Medical:Insurance                 27.38 USD
  Expenses:Health:Vision:Insurance                  42.30 USD
  Expenses:Taxes:Y2021:US:Medicare                 106.62 USD
  Expenses:Taxes:Y2021:US:Federal                 1062.92 USD
  Expenses:Taxes:Y2021:US:State                    365.08 USD
  Expenses:Taxes:Y2021:US:CityNYC                  174.92 USD
  Expenses:Taxes:Y2021:US:SDI                        1.12 USD
  Expenses:Taxes:Y2021:US:SocSec                   281.54 USD
  Assets:US:Federal:PreTax401k                   -1200.00 IRAUSD
  Expenses:Taxes:Y2021:US:Federal:PreTax401k      1200.00 IRAUSD
  Assets:US:Hoogle:Vacation                             5 VACHR
  Income:US:Hoogle:Vacation                            -5 VACHR

2021-06-10 * "Hoogle" "Payroll"
  Assets:US:BofA:Checking                         1350.60 USD
  Assets:US:Vanguard:Cash                         1200.00 USD
  Income:US:Hoogle:Salary                        -4615.38 USD
  Income:US:Hoogle:GroupTermLife                   -24.32 USD
  Expenses:Health:Life:GroupTermLife                24.32 USD
  Expenses:Health:Dental:Insurance                   2.90 USD
  Expenses:Health:Medical:Insurance                 27.38 USD
  Expenses:Health:Vision:Insurance                  42.30 USD
  Expenses:Taxes:Y2021:US:Medicare                 106.62 USD
  Expenses:Taxes:Y2021:US:Federal                 1062.92 USD
  Expenses:Taxes:Y2021:US:State                    365.08 USD
  Expenses:Taxes:Y2021:US:CityNYC                  174.92 USD
  Expenses:Taxes:Y2021:US:SDI                        1.12 USD
  Expenses:Taxes:Y2021:US:SocSec                   281.54 USD
  Assets:US:Federal:PreTax401k                   -1200.00 IRAUSD
  Expenses:Taxes:Y2021:US:Federal:PreTax401k      1200.00 IRAUSD
  Assets:US:Hoogle:Vacation                             5 VACHR
  Income:US:Hoogle:Vacation                            -5 VACHR

2021-06-24 * "Hoogle" "Payroll"
  Assets:US:BofA:Checking                         1350.60 USD
  Assets:US:Vanguard:Cash                         1200.00 USD
  Income:US:Hoogle:Salary                        -4615.38 USD
  Income:US:Hoogle:GroupTermLife                   -24.32 USD
  Expenses:Health:Life:GroupTermLife                24.32 USD
  Expenses:Health:Dental:Insurance                   2.90 USD
  Expenses:Health:Medical:Insurance                 27.38 USD
  Expenses:Health:Vision:Insurance                  42.30 USD
  Expenses:Taxes:Y2021:US:Medicare                 106.62 USD
  Expenses:Taxes:Y2021:US:Federal                 1062.92 USD
  Expenses:Taxes:Y2021:US:State                    365.08 USD
  Expenses:Taxes:Y2021:US:CityNYC                  174.92 USD
  Expenses:Taxes:Y2021:US:SDI                        1.12 USD
  Expenses:Taxes:Y2021:US:SocSec                   281.54 USD
  Assets:US:Federal:PreTax401k                   -1200.00 IRAUSD
  Expenses:Taxes:Y2021:US:Federal:PreTax401k      1200.00 IRAUSD
  Assets:US:Hoogle:Vacation                             5 VACHR
  Income:US:Hoogle:Vacation                            -5 VACHR

2021-07-08 * "Hoogle" "Payroll"
  Assets:US:BofA:Checking                         1350.60 USD
  Assets:US:Vanguard:Cash                         1200.00 USD
  Income:US:Hoogle:Salary                        -4615.38 USD
  Income:US:Hoogle:GroupTermLife                   -24.32 USD
  Expenses:Health:Life:GroupTermLife                24.32 USD
  Expenses:Health:Dental:Insurance                   2.90 USD
  Expenses:Health:Medical:Insurance                 27.38 USD
  Expenses:Health:Vision:Insurance                  42.30 USD
  Expenses:Taxes:Y2021:US:Medicare                 106.62 USD
  Expenses:Taxes:Y2021:US:Federal                 1062.92 USD
  Expenses:Taxes:Y2021:US:State                    365.08 USD
  Expenses:Taxes:Y2021:US:CityNYC                  174.92 USD
  Expenses:Taxes:Y2021:US:SDI                        1.12 USD
  Expenses:Taxes:Y2021:US:SocSec                   281.54 USD
  Assets:US:Federal:PreTax401k                   -1200.00 IRAUSD
  Expenses:Taxes:Y2021:US:Federal:PreTax401k      1200.00 IRAUSD
  Assets:US:Hoogle:Vacation                             5 VACHR
  Income:US:Hoogle:Vacation                            -5 VACHR

2021-07-22 * "Hoogle" "Payroll"
  Assets:US:BofA:Checking                         1350.60 USD
  Assets:US:Vanguard:Cash                         1200.00 USD
  Income:US:Hoogle:Salary                        -4615.38 USD
  Income:US:Hoogle:GroupTermLife                   -24.32 USD
  Expenses:Health:Life:GroupTermLife                24.32 USD
  Expenses:Health:Dental:Insurance                   2.90 USD
  Expenses:Health:Medical:Insurance                 27.38 USD
  Expenses:Health:Vision:Insurance                  42.30 USD
  Expenses:Taxes:Y2021:US:Medicare                 106.62 USD
  Expenses:Taxes:Y2021:US:Federal                 1062.92 USD
  Expenses:Taxes:Y2021:US:State                    365.08 USD
  Expenses:Taxes:Y2021:US:CityNYC                  174.92 USD
  Expenses:Taxes:Y2021:US:SDI                        1.12 USD
  Expenses:Taxes:Y2021:US:SocSec                   281.54 USD
  Assets:US:Federal:PreTax401k                   -1200.00 IRAUSD
  Expenses:Taxes:Y2021:US:Federal:PreTax401k      1200.00 IRAUSD
  Assets:US:Hoogle:Vacation                             5 VACHR
  Income:US:Hoogle:Vacation                            -5 VACHR

2021-08-05 * "Hoogle" "Payroll"
  Assets:US:BofA:Checking                         2050.60 USD
  Assets:US:Vanguard:Cash                          500.00 USD
  Income:US:Hoogle:Salary                        -4615.38 USD
  Income:US:Hoogle:GroupTermLife                   -24.32 USD
  Expenses:Health:Life:GroupTermLife                24.32 USD
  Expenses:Health:Dental:Insurance                   2.90 USD
  Expenses:Health:Medical:Insurance                 27.38 USD
  Expenses:Health:Vision:Insurance                  42.30 USD
  Expenses:Taxes:Y2021:US:Medicare                 106.62 USD
  Expenses:Taxes:Y2021:US:Federal                 1062.92 USD
  Expenses:Taxes:Y2021:US:State                    365.08 USD
  Expenses:Taxes:Y2021:US:CityNYC                  174.92 USD
  Expenses:Taxes:Y2021:US:SDI                        1.12 USD
  Expenses:Taxes:Y2021:US:SocSec                   281.54 USD
  Assets:US:Federal:PreTax401k                    -500.00 IRAUSD
  Expenses:Taxes:Y2021:US:Federal:PreTax401k       500.00 IRAUSD
  Assets:US:Hoogle:Vacation                             5 VACHR
  Income:US:Hoogle:Vacation                            -5 VACHR

2021-08-19 * "Hoogle" "Payroll"
  Assets:US:BofA:Checking                         2550.60 USD
  Income:US:Hoogle:Salary                        -4615.38 USD
  Income:US:Hoogle:GroupTermLife                   -24.32 USD
  Expenses:Health:Life:GroupTermLife                24.32 USD
  Expenses:Health:Dental:Insurance                   2.90 USD
  Expenses:Health:Medical:Insurance                 27.38 USD
  Expenses:Health:Vision:Insurance                  42.30 USD
  Expenses:Taxes:Y2021:US:Medicare                 106.62 USD
  Expenses:Taxes:Y2021:US:Federal                 1062.92 USD
  Expenses:Taxes:Y2021:US:State                    365.08 USD
  Expenses:Taxes:Y2021:US:CityNYC                  174.92 USD
  Expenses:Taxes:Y2021:US:SDI                        1.12 USD
  Expenses:Taxes:Y2021:US:SocSec                   281.54 USD
  Assets:US:Federal:PreTax401k                       0.00 IRAUSD
  Assets:US:Hoogle:Vacation                             5 VACHR
  Income:US:Hoogle:Vacation                            -5 VACHR

2021-09-02 * "Hoogle" "Payroll"
  Assets:US:BofA:Checking                         2550.60 USD
  Income:US:Hoogle:Salary                        -4615.38 USD
  Income:US:Hoogle:GroupTermLife                   -24.32 USD
  Expenses:Health:Life:GroupTermLife                24.32 USD
  Expenses:Health:Dental:Insurance                   2.90 USD
  Expenses:Health:Medical:Insurance                 27.38 USD
  Expenses:Health:Vision:Insurance                  42.30 USD
  Expenses:Taxes:Y2021:US:Medicare                 106.62 USD
  Expenses:Taxes:Y2021:US:Federal                 1062.92 USD
  Expenses:Taxes:Y2021:US:State                    365.08 USD
  Expenses:Taxes:Y2021:US:CityNYC                  174.92 USD
  Expenses:Taxes:Y2021:US:SDI                        1.12 USD
  Expenses:Taxes:Y2021:US:SocSec                   281.54 USD
  Assets:US:Federal:PreTax401k                       0.00 IRAUSD
  Assets:US:Hoogle:Vacation                             5 VACHR
  Income:US:Hoogle:Vacation                            -5 VACHR

2021-09-16 * "Hoogle" "Payroll"
  Assets:US:BofA:Checking                         2550.60 USD
  Income:US:Hoogle:Salary                        -4615.38 USD
  Income:US:Hoogle:GroupTermLife                   -24.32 USD
  Expenses:Health:Life:GroupTermLife                24.32 USD
  Expenses:Health:Dental:Insurance                   2.90 USD
  Expenses:Health:Medical:Insurance                 27.38 USD
  Expenses:Health:Vision:Insurance                  42.30 USD
  Expenses:Taxes:Y2021:US:Medicare                 106.62 USD
  Expenses:Taxes:Y2021:US:Federal                 1062.92 USD
  Expenses:Taxes:Y2021:US:State                    365.08 USD
  Expenses:Taxes:Y2021:US:CityNYC                  174.92 USD
  Expenses:Taxes:Y2021:US:SDI                        1.12 USD
  Expenses:Taxes:Y2021:US:SocSec                   281.54 USD
  Assets:US:Federal:PreTax401k                       0.00 IRAUSD
  Assets:US:Hoogle:Vacation                             5 VACHR
  Income:US:Hoogle:Vacation                            -5 VACHR

2021-09-30 * "Hoogle" "Payroll"
  Assets:US:BofA:Checking                         2550.60 USD
  Income:US:Hoogle:Salary                        -4615.38 USD
  Income:US:Hoogle:GroupTermLife                   -24.32 USD
  Expenses:Health:Life:GroupTermLife                24.32 USD
  Expenses:Health:Dental:Insurance                   2.90 USD
  Expenses:Health:Medical:Insurance                 27.38 USD
  Expenses:Health:Vision:Insurance                  42.30 USD
  Expenses:Taxes:Y2021:US:Medicare                 106.62 USD
  Expenses:Taxes:Y2021:US:Federal                 1062.92 USD
  Expenses:Taxes:Y2021:US:State                    365.08 USD
  Expenses:Taxes:Y2021:US:CityNYC                  174.92 USD
  Expenses:Taxes:Y2021:US:SDI                        1.12 USD
  Expenses:Taxes:Y2021:US:SocSec                   281.54 USD
  Assets:US:Federal:PreTax401k                       0.00 IRAUSD
  Assets:US:Hoogle:Vacation                             5 VACHR
  Income:US:Hoogle:Vacation                            -5 VACHR

2021-10-14 * "Hoogle" "Payroll"
  Assets:US:BofA:Checking                         2550.60 USD
  Income:US:Hoogle:Salary                        -4615.38 USD
  Income:US:Hoogle:GroupTermLife                   -24.32 USD
  Expenses:Health:Life:GroupTermLife                24.32 USD
  Expenses:Health:Dental:Insurance                   2.90 USD
  Expenses:Health:Medical:Insurance                 27.38 USD
  Expenses:Health:Vision:Insurance                  42.30 USD
  Expenses:Taxes:Y2021:US:Medicare                 106.62 USD
  Expenses:Taxes:Y2021:US:Federal                 1062.92 USD
  Expenses:Taxes:Y2021:US:State                    365.08 USD
  Expenses:Taxes:Y2021:US:CityNYC                  174.92 USD
  Expenses:Taxes:Y2021:US:SDI                        1.12 USD
  Expenses:Taxes:Y2021:US:SocSec                   281.54 USD
  Assets:US:Federal:PreTax401k                       0.00 IRAUSD
  Assets:US:Hoogle:Vacation                             5 VACHR
  Income:US:Hoogle:Vacation                            -5 VACHR

2021-10-28 * "Hoogle" "Payroll"
  Assets:US:BofA:Checking                         2550.60 USD
  Income:US:Hoogle:Salary                        -4615.38 USD
  Income:US:Hoogle:GroupTermLife                   -24.32 USD
  Expenses:Health:Life:GroupTermLife                24.32 USD
  Expenses:Health:Dental:Insurance                   2.90 USD
  Expenses:Health:Medical:Insurance                 27.38 USD
  Expenses:Health:Vision:Insurance                  42.30 USD
  Expenses:Taxes:Y2021:US:Medicare                 106.62 USD
  Expenses:Taxes:Y2021:US:Federal                 1062.92 USD
  Expenses:Taxes:Y2021:US:State                    365.08 USD
  Expenses:Taxes:Y2021:US:CityNYC                  174.92 USD
  Expenses:Taxes:Y2021:US:SDI                        1.12 USD
  Expenses:Taxes:Y2021:US:SocSec                   281.54 USD
  Assets:US:Federal:PreTax401k                       0.00 IRAUSD
  Assets:US:Hoogle:Vacation                             5 VACHR
  Income:US:Hoogle:Vacation                            -5 VACHR

2021-11-11 * "Hoogle" "Payroll"
  Assets:US:BofA:Checking                         2550.60 USD
  Income:US:Hoogle:Salary                        -4615.38 USD
  Income:US:Hoogle:GroupTermLife                   -24.32 USD
  Expenses:Health:Life:GroupTermLife                24.32 USD
  Expenses:Health:Dental:Insurance                   2.90 USD
  Expenses:Health:Medical:Insurance                 27.38 USD
  Expenses:Health:Vision:Insurance                  42.30 USD
  Expenses:Taxes:Y2021:US:Medicare                 106.62 USD
  Expenses:Taxes:Y2021:US:Federal                 1062.92 USD
  Expenses:Taxes:Y2021:US:State                    365.08 USD
  Expenses:Taxes:Y2021:US:CityNYC                  174.92 USD
  Expenses:Taxes:Y2021:US:SDI                        1.12 USD
  Expenses:Taxes:Y2021:US:SocSec                   281.54 USD
  Assets:US:Federal:PreTax401k                       0.00 IRAUSD
  Assets:US:Hoogle:Vacation                             5 VACHR
  Income:US:Hoogle:Vacation                            -5 VACHR

2021-11-25 * "Hoogle" "Payroll"
  Assets:US:BofA:Checking                         2550.60 USD
  Income:US:Hoogle:Salary                        -4615.38 USD
  Income:US:Hoogle:GroupTermLife                   -24.32 USD
  Expenses:Health:Life:GroupTermLife                24.32 USD
  Expenses:Health:Dental:Insurance                   2.90 USD
  Expenses:Health:Medical:Insurance                 27.38 USD
  Expenses:Health:Vision:Insurance                  42.30 USD
  Expenses:Taxes:Y2021:US:Medicare                 106.62 USD
  Expenses:Taxes:Y2021:US:Federal                 1062.92 USD
  Expenses:Taxes:Y2021:US:State                    365.08 USD
  Expenses:Taxes:Y2021:US:CityNYC                  174.92 USD
  Expenses:Taxes:Y2021:US:SDI                        1.12 USD
  Expenses:Taxes:Y2021:US:SocSec                   281.54 USD
  Assets:US:Federal:PreTax401k                       0.00 IRAUSD
  Assets:US:Hoogle:Vacation                             5 VACHR
  Income:US:Hoogle:Vacation                            -5 VACHR

2021-12-09 * "Hoogle" "Payroll"
  Assets:US:BofA:Checking                         2589.06 USD
  Income:US:Hoogle:Salary                        -4615.38 USD
  Income:US:Hoogle:GroupTermLife                   -24.32 USD
  Expenses:Health:Life:GroupTermLife                24.32 USD
  Expenses:Health:Dental:Insurance                   2.90 USD
  Expenses:Health:Medical:Insurance                 27.38 USD
  Expenses:Health:Vision:Insurance                  42.30 USD
  Expenses:Taxes:Y2021:US:Medicare                 106.62 USD
  Expenses:Taxes:Y2021:US:Federal                 1062.92 USD
  Expenses:Taxes:Y2021:US:State                    365.08 USD
  Expenses:Taxes:Y2021:US:CityNYC                  174.92 USD
  Expenses:Taxes:Y2021:US:SDI                        1.12 USD
  Expenses:Taxes:Y2021:US:SocSec                   243.08 USD
  Assets:US:Federal:PreTax401k                       0.00 IRAUSD
  Assets:US:Hoogle:Vacation                             5 VACHR
  Income:US:Hoogle:Vacation                            -5 VACHR

2021-12-23 * "Hoogle" "Payroll"
  Assets:US:BofA:Checking                         2832.14 USD
  Income:US:Hoogle:Salary                        -4615.38 USD
  Income:US:Hoogle:GroupTermLife                   -24.32 USD
  Expenses:Health:Life:GroupTermLife                24.32 USD
  Expenses:Health:Dental:Insurance                   2.90 USD
  Expenses:Health:Medical:Insurance                 27.38 USD
  Expenses:Health:Vision:Insurance                  42.30 USD
  Expenses:Taxes:Y2021:US:Medicare                 106.62 USD
  Expenses:Taxes:Y2021:US:Federal                 1062.92 USD
  Expenses:Taxes:Y2021:US:State                    365.08 USD
  Expenses:Taxes:Y2021:US:CityNYC                  174.92 USD
  Expenses:Taxes:Y2021:US:SDI                        1.12 USD
  Expenses:Taxes:Y2021:US:SocSec                     0.00 USD
  Assets:US:Federal:PreTax401k                       0.00 IRAUSD
  Assets:US:Hoogle:Vacation                             5 VACHR
  Income:US:Hoogle:Vacation                            -5 VACHR

2022-01-06 * "Hoogle" "Payroll"
  Assets:US:BofA:Checking                         1350.60 USD
  Assets:US:Vanguard:Cash                         1200.00 USD
  Income:US:Hoogle:Salary                        -4615.38 USD
  Income:US:Hoogle:GroupTermLife                   -24.32 USD
  Expenses:Health:Life:GroupTermLife                24.32 USD
  Expenses:Health:Dental:Insurance                   2.90 USD
  Expenses:Health:Medical:Insurance                 27.38 USD
  Expenses:Health:Vision:Insurance                  42.30 USD
  Expenses:Taxes:Y2022:US:Medicare                 106.62 USD
  Expenses:Taxes:Y2022:US:Federal                 1062.92 USD
  Expenses:Taxes:Y2022:US:State                    365.08 USD
  Expenses:Taxes:Y2022:US:CityNYC                  174.92 USD
  Expenses:Taxes:Y2022:US:SDI                        1.12 USD
  Expenses:Taxes:Y2022:US:SocSec                   281.54 USD
  Assets:US:Federal:PreTax401k                   -1200.00 IRAUSD
  Expenses:Taxes:Y2022:US:Federal:PreTax401k      1200.00 IRAUSD
  Assets:US:Hoogle:Vacation                             5 VACHR
  Income:US:Hoogle:Vacation                            -5 VACHR

2022-01-20 * "Hoogle" "Payroll"
  Assets:US:BofA:Checking                         1350.60 USD
  Assets:US:Vanguard:Cash                         1200.00 USD
  Income:US:Hoogle:Salary                        -4615.38 USD
  Income:US:Hoogle:GroupTermLife                   -24.32 USD
  Expenses:Health:Life:GroupTermLife                24.32 USD
  Expenses:Health:Dental:Insurance                   2.90 USD
  Expenses:Health:Medical:Insurance                 27.38 USD
  Expenses:Health:Vision:Insurance                  42.30 USD
  Expenses:Taxes:Y2022:US:Medicare                 106.62 USD
  Expenses:Taxes:Y2022:US:Federal                 1062.92 USD
  Expenses:Taxes:Y2022:US:State                    365.08 USD
  Expenses:Taxes:Y2022:US:CityNYC                  174.92 USD
  Expenses:Taxes:Y2022:US:SDI                        1.12 USD
  Expenses:Taxes:Y2022:US:SocSec                   281.54 USD
  Assets:US:Federal:PreTax401k                   -1200.00 IRAUSD
  Expenses:Taxes:Y2022:US:Federal:PreTax401k      1200.00 IRAUSD
  Assets:US:Hoogle:Vacation                             5 VACHR
  Income:US:Hoogle:Vacation                            -5 VACHR

2022-02-03 * "Hoogle" "Payroll"
  Assets:US:BofA:Checking                         1350.60 USD
  Assets:US:Vanguard:Cash                         1200.00 USD
  Income:US:Hoogle:Salary                        -4615.38 USD
  Income:US:Hoogle:GroupTermLife                   -24.32 USD
  Expenses:Health:Life:GroupTermLife                24.32 USD
  Expenses:Health:Dental:Insurance                   2.90 USD
  Expenses:Health:Medical:Insurance                 27.38 USD
  Expenses:Health:Vision:Insurance                  42.30 USD
  Expenses:Taxes:Y2022:US:Medicare                 106.62 USD
  Expenses:Taxes:Y2022:US:Federal                 1062.92 USD
  Expenses:Taxes:Y2022:US:State                    365.08 USD
  Expenses:Taxes:Y2022:US:CityNYC                  174.92 USD
  Expenses:Taxes:Y2022:US:SDI                        1.12 USD
  Expenses:Taxes:Y2022:US:SocSec                   281.54 USD
  Assets:US:Federal:PreTax401k                   -1200.00 IRAUSD
  Expenses:Taxes:Y2022:US:Federal:PreTax401k      1200.00 IRAUSD
  Assets:US:Hoogle:Vacation                             5 VACHR
  Income:US:Hoogle:Vacation                            -5 VACHR

2022-02-17 * "Hoogle" "Payroll"
  Assets:US:BofA:Checking                         1350.60 USD
  Assets:US:Vanguard:Cash                         1200.00 USD
  Income:US:Hoogle:Salary                        -4615.38 USD
  Income:US:Hoogle:GroupTermLife                   -24.32 USD
  Expenses:Health:Life:GroupTermLife                24.32 USD
  Expenses:Health:Dental:Insurance                   2.90 USD
  Expenses:Health:Medical:Insurance                 27.38 USD
  Expenses:Health:Vision:Insurance                  42.30 USD
  Expenses:Taxes:Y2022:US:Medicare                 106.62 USD
  Expenses:Taxes:Y2022:US:Federal                 1062.92 USD
  Expenses:Taxes:Y2022:US:State                    365.08 USD
  Expenses:Taxes:Y2022:US:CityNYC                  174.92 USD
  Expenses:Taxes:Y2022:US:SDI                        1.12 USD
  Expenses:Taxes:Y2022:US:SocSec                   281.54 USD
  Assets:US:Federal:PreTax401k                   -1200.00 IRAUSD
  Expenses:Taxes:Y2022:US:Federal:PreTax401k      1200.00 IRAUSD
  Assets:US:Hoogle:Vacation                             5 VACHR
  Income:US:Hoogle:Vacation                            -5 VACHR

2022-03-03 * "Hoogle" "Payroll"
  Assets:US:BofA:Checking                         1350.60 USD
  Assets:US:Vanguard:Cash                         1200.00 USD
  Income:US:Hoogle:Salary                        -4615.38 USD
  Income:US:Hoogle:GroupTermLife                   -24.32 USD
  Expenses:Health:Life:GroupTermLife                24.32 USD
  Expenses:Health:Dental:Insurance                   2.90 USD
  Expenses:Health:Medical:Insurance                 27.38 USD
  Expenses:Health:Vision:Insurance                  42.30 USD
  Expenses:Taxes:Y2022:US:Medicare                 106.62 USD
  Expenses:Taxes:Y2022:US:Federal                 1062.92 USD
  Expenses:Taxes:Y2022:US:State                    365.08 USD
  Expenses:Taxes:Y2022:US:CityNYC                  174.92 USD
  Expenses:Taxes:Y2022:US:SDI                        1.12 USD
  Expenses:Taxes:Y2022:US:SocSec                   281.54 USD
  Assets:US:Federal:PreTax401k                   -1200.00 IRAUSD
  Expenses:Taxes:Y2022:US:Federal:PreTax401k      1200.00 IRAUSD
  Assets:US:Hoogle:Vacation                             5 VACHR
  Income:US:Hoogle:Vacation                            -5 VACHR

2022-03-17 * "Hoogle" "Payroll"
  Assets:US:BofA:Checking                         1350.60 USD
  Assets:US:Vanguard:Cash                         1200.00 USD
  Income:US:Hoogle:Salary                        -4615.38 USD
  Income:US:Hoogle:GroupTermLife                   -24.32 USD
  Expenses:Health:Life:GroupTermLife                24.32 USD
  Expenses:Health:Dental:Insurance                   2.90 USD
  Expenses:Health:Medical:Insurance                 27.38 USD
  Expenses:Health:Vision:Insurance                  42.30 USD
  Expenses:Taxes:Y2022:US:Medicare                 106.62 USD
  Expenses:Taxes:Y2022:US:Federal                 1062.92 USD
  Expenses:Taxes:Y2022:US:State                    365.08 USD
  Expenses:Taxes:Y2022:US:CityNYC                  174.92 USD
  Expenses:Taxes:Y2022:US:SDI                        1.12 USD
  Expenses:Taxes:Y2022:US:SocSec                   281.54 USD
  Assets:US:Federal:PreTax401k                   -1200.00 IRAUSD
  Expenses:Taxes:Y2022:US:Federal:PreTax401k      1200.00 IRAUSD
  Assets:US:Hoogle:Vacation                             5 VACHR
  Income:US:Hoogle:Vacation                            -5 VACHR

2022-03-31 * "Hoogle" "Payroll"
  Assets:US:BofA:Checking                         1350.60 USD
  Assets:US:Vanguard:Cash                         1200.00 USD
  Income:US:Hoogle:Salary                        -4615.38 USD
  Income:US:Hoogle:GroupTermLife                   -24.32 USD
  Expenses:Health:Life:GroupTermLife                24.32 USD
  Expenses:Health:Dental:Insurance                   2.90 USD
  Expenses:Health:Medical:Insurance                 27.38 USD
  Expenses:Health:Vision:Insurance                  42.30 USD
  Expenses:Taxes:Y2022:US:Medicare                 106.62 USD
  Expenses:Taxes:Y2022:US:Federal                 1062.92 USD
  Expenses:Taxes:Y2022:US:State                    365.08 USD
  Expenses:Taxes:Y2022:US:CityNYC                  174.92 USD
  Expenses:Taxes:Y2022:US:SDI                        1.12 USD
  Expenses:Taxes:Y2022:US:SocSec                   281.54 USD
  Assets:US:Federal:PreTax401k                   -1200.00 IRAUSD
  Expenses:Taxes:Y2022:US:Federal:PreTax401k      1200.00 IRAUSD
  Assets:US:Hoogle:Vacation                             5 VACHR
  Income:US:Hoogle:Vacation                            -5 VACHR

2022-04-14 * "Hoogle" "Payroll"
  Assets:US:BofA:Checking                         1350.60 USD
  Assets:US:Vanguard:Cash                         1200.00 USD
  Income:US:Hoogle:Salary                        -4615.38 USD
  Income:US:Hoogle:GroupTermLife                   -24.32 USD
  Expenses:Health:Life:GroupTermLife                24.32 USD
  Expenses:Health:Dental:Insurance                   2.90 USD
  Expenses:Health:Medical:Insurance                 27.38 USD
  Expenses:Health:Vision:Insurance                  42.30 USD
  Expenses:Taxes:Y2022:US:Medicare                 106.62 USD
  Expenses:Taxes:Y2022:US:Federal                 1062.92 USD
  Expenses:Taxes:Y2022:US:State                    365.08 USD
  Expenses:Taxes:Y2022:US:CityNYC                  174.92 USD
  Expenses:Taxes:Y2022:US:SDI                        1.12 USD
  Expenses:Taxes:Y2022:US:SocSec                   281.54 USD
  Assets:US:Federal:PreTax401k                   -1200.00 IRAUSD
  Expenses:Taxes:Y2022:US:Federal:PreTax401k      1200.00 IRAUSD
  Assets:US:Hoogle:Vacation                             5 VACHR
  Income:US:Hoogle:Vacation                            -5 VACHR

2022-04-28 * "Hoogle" "Payroll"
  Assets:US:BofA:Checking                         1350.60 USD
  Assets:US:Vanguard:Cash                         1200.00 USD
  Income:US:Hoogle:Salary                        -4615.38 USD
  Income:US:Hoogle:GroupTermLife                   -24.32 USD
  Expenses:Health:Life:GroupTermLife                24.32 USD
  Expenses:Health:Dental:Insurance                   2.90 USD
  Expenses:Health:Medical:Insurance                 27.38 USD
  Expenses:Health:Vision:Insurance                  42.30 USD
  Expenses:Taxes:Y2022:US:Medicare                 106.62 USD
  Expenses:Taxes:Y2022:US:Federal                 1062.92 USD
  Expenses:Taxes:Y2022:US:State                    365.08 USD
  Expenses:Taxes:Y2022:US:CityNYC                  174.92 USD
  Expenses:Taxes:Y2022:US:SDI                        1.12 USD
  Expenses:Taxes:Y2022:US:SocSec                   281.54 USD
  Assets:US:Federal:PreTax401k                   -1200.00 IRAUSD
  Expenses:Taxes:Y2022:US:Federal:PreTax401k      1200.00 IRAUSD
  Assets:US:Hoogle:Vacation                             5 VACHR
  Income:US:Hoogle:Vacation                            -5 VACHR

2022-05-12 * "Hoogle" "Payroll"
  Assets:US:BofA:Checking                         1350.60 USD
  Assets:US:Vanguard:Cash                         1200.00 USD
  Income:US:Hoogle:Salary                        -4615.38 USD
  Income:US:Hoogle:GroupTermLife                   -24.32 USD
  Expenses:Health:Life:GroupTermLife                24.32 USD
  Expenses:Health:Dental:Insurance                   2.90 USD
  Expenses:Health:Medical:Insurance                 27.38 USD
  Expenses:Health:Vision:Insurance                  42.30 USD
  Expenses:Taxes:Y2022:US:Medicare                 106.62 USD
  Expenses:Taxes:Y2022:US:Federal                 1062.92 USD
  Expenses:Taxes:Y2022:US:State                    365.08 USD
  Expenses:Taxes:Y2022:US:CityNYC                  174.92 USD
  Expenses:Taxes:Y2022:US:SDI                        1.12 USD
  Expenses:Taxes:Y2022:US:SocSec                   281.54 USD
  Assets:US:Federal:PreTax401k                   -1200.00 IRAUSD
  Expenses:Taxes:Y2022:US:Federal:PreTax401k      1200.00 IRAUSD
  Assets:US:Hoogle:Vacation                             5 VACHR
  Income:US:Hoogle:Vacation                            -5 VACHR

2022-05-26 * "Hoogle" "Payroll"
  Assets:US:BofA:Checking                         1350.60 USD
  Assets:US:Vanguard:Cash                         1200.00 USD
  Income:US:Hoogle:Salary                        -4615.38 USD
  Income:US:Hoogle:GroupTermLife                   -24.32 USD
  Expenses:Health:Life:GroupTermLife                24.32 USD
  Expenses:Health:Dental:Insurance                   2.90 USD
  Expenses:Health:Medical:Insurance                 27.38 USD
  Expenses:Health:Vision:Insurance                  42.30 USD
  Expenses:Taxes:Y2022:US:Medicare                 106.62 USD
  Expenses:Taxes:Y2022:US:Federal                 1062.92 USD
  Expenses:Taxes:Y2022:US:State                    365.08 USD
  Expenses:Taxes:Y2022:US:CityNYC                  174.92 USD
  Expenses:Taxes:Y2022:US:SDI                        1.12 USD
  Expenses:Taxes:Y2022:US:SocSec                   281.54 USD
  Assets:US:Federal:PreTax401k                   -1200.00 IRAUSD
  Expenses:Taxes:Y2022:US:Federal:PreTax401k      1200.00 IRAUSD
  Assets:US:Hoogle:Vacation                             5 VACHR
  Income:US:Hoogle:Vacation                            -5 VACHR

2022-06-09 * "Hoogle" "Payroll"
  Assets:US:BofA:Checking                         1350.60 USD
  Assets:US:Vanguard:Cash                         1200.00 USD
  Income:US:Hoogle:Salary                        -4615.38 USD
  Income:US:Hoogle:GroupTermLife                   -24.32 USD
  Expenses:Health:Life:GroupTermLife                24.32 USD
  Expenses:Health:Dental:Insurance                   2.90 USD
  Expenses:Health:Medical:Insurance                 27.38 USD
  Expenses:Health:Vision:Insurance                  42.30 USD
  Expenses:Taxes:Y2022:US:Medicare                 106.62 USD
  Expenses:Taxes:Y2022:US:Federal                 1062.92 USD
  Expenses:Taxes:Y2022:US:State                    365.08 USD
  Expenses:Taxes:Y2022:US:CityNYC                  174.92 USD
  Expenses:Taxes:Y2022:US:SDI                        1.12 USD
  Expenses:Taxes:Y2022:US:SocSec                   281.54 USD
  Assets:US:Federal:PreTax401k                   -1200.00 IRAUSD
  Expenses:Taxes:Y2022:US:Federal:PreTax401k      1200.00 IRAUSD
  Assets:US:Hoogle:Vacation                             5 VACHR
  Income:US:Hoogle:Vacation                            -5 VACHR

2022-06-23 * "Hoogle" "Payroll"
  Assets:US:BofA:Checking                         1350.60 USD
  Assets:US:Vanguard:Cash                         1200.00 USD
  Income:US:Hoogle:Salary                        -4615.38 USD
  Income:US:Hoogle:GroupTermLife                   -24.32 USD
  Expenses:Health:Life:GroupTermLife                24.32 USD
  Expenses:Health:Dental:Insurance                   2.90 USD
  Expenses:Health:Medical:Insurance                 27.38 USD
  Expenses:Health:Vision:Insurance                  42.30 USD
  Expenses:Taxes:Y2022:US:Medicare                 106.62 USD
  Expenses:Taxes:Y2022:US:Federal                 1062.92 USD
  Expenses:Taxes:Y2022:US:State                    365.08 USD
  Expenses:Taxes:Y2022:US:CityNYC                  174.92 USD
  Expenses:Taxes:Y2022:US:SDI                        1.12 USD
  Expenses:Taxes:Y2022:US:SocSec                   281.54 USD
  Assets:US:Federal:PreTax401k                   -1200.00 IRAUSD
  Expenses:Taxes:Y2022:US:Federal:PreTax401k      1200.00 IRAUSD
  Assets:US:Hoogle:Vacation                             5 VACHR
  Income:US:Hoogle:Vacation                            -5 VACHR

2022-07-07 * "Hoogle" "Payroll"
  Assets:US:BofA:Checking                         1350.60 USD
  Assets:US:Vanguard:Cash                         1200.00 USD
  Income:US:Hoogle:Salary                        -4615.38 USD
  Income:US:Hoogle:GroupTermLife                   -24.32 USD
  Expenses:Health:Life:GroupTermLife                24.32 USD
  Expenses:Health:Dental:Insurance                   2.90 USD
  Expenses:Health:Medical:Insurance                 27.38 USD
  Expenses:Health:Vision:Insurance                  42.30 USD
  Expenses:Taxes:Y2022:US:Medicare                 106.62 USD
  Expenses:Taxes:Y2022:US:Federal                 1062.92 USD
  Expenses:Taxes:Y2022:US:State                    365.08 USD
  Expenses:Taxes:Y2022:US:CityNYC                  174.92 USD
  Expenses:Taxes:Y2022:US:SDI                        1.12 USD
  Expenses:Taxes:Y2022:US:SocSec                   281.54 USD
  Assets:US:Federal:PreTax401k                   -1200.00 IRAUSD
  Expenses:Taxes:Y2022:US:Federal:PreTax401k      1200.00 IRAUSD
  Assets:US:Hoogle:Vacation                             5 VACHR
  Income:US:Hoogle:Vacation                            -5 VACHR

2022-07-21 * "Hoogle" "Payroll"
  Assets:US:BofA:Checking                         1350.60 USD
  Assets:US:Vanguard:Cash                         1200.00 USD
  Income:US:Hoogle:Salary                        -4615.38 USD
  Income:US:Hoogle:GroupTermLife                   -24.32 USD
  Expenses:Health:Life:GroupTermLife                24.32 USD
  Expenses:Health:Dental:Insurance                   2.90 USD
  Expenses:Health:Medical:Insurance                 27.38 USD
  Expenses:Health:Vision:Insurance                  42.30 USD
  Expenses:Taxes:Y2022:US:Medicare                 106.62 USD
  Expenses:Taxes:Y2022:US:Federal                 1062.92 USD
  Expenses:Taxes:Y2022:US:State                    365.08 USD
  Expenses:Taxes:Y2022:US:CityNYC                  174.92 USD
  Expenses:Taxes:Y2022:US:SDI                        1.12 USD
  Expenses:Taxes:Y2022:US:SocSec                   281.54 USD
  Assets:US:Federal:PreTax401k                   -1200.00 IRAUSD
  Expenses:Taxes:Y2022:US:Federal:PreTax401k      1200.00 IRAUSD
  Assets:US:Hoogle:Vacation                             5 VACHR
  Income:US:Hoogle:Vacation                            -5 VACHR

2022-08-04 * "Hoogle" "Payroll"
  Assets:US:BofA:Checking                         2050.60 USD
  Assets:US:Vanguard:Cash                          500.00 USD
  Income:US:Hoogle:Salary                        -4615.38 USD
  Income:US:Hoogle:GroupTermLife                   -24.32 USD
  Expenses:Health:Life:GroupTermLife                24.32 USD
  Expenses:Health:Dental:Insurance                   2.90 USD
  Expenses:Health:Medical:Insurance                 27.38 USD
  Expenses:Health:Vision:Insurance                  42.30 USD
  Expenses:Taxes:Y2022:US:Medicare                 106.62 USD
  Expenses:Taxes:Y2022:US:Federal                 1062.92 USD
  Expenses:Taxes:Y2022:US:State                    365.08 USD
  Expenses:Taxes:Y2022:US:CityNYC                  174.92 USD
  Expenses:Taxes:Y2022:US:SDI                        1.12 USD
  Expenses:Taxes:Y2022:US:SocSec                   281.54 USD
  Assets:US:Federal:PreTax401k                    -500.00 IRAUSD
  Expenses:Taxes:Y2022:US:Federal:PreTax401k       500.00 IRAUSD
  Assets:US:Hoogle:Vacation                             5 VACHR
  Income:US:Hoogle:Vacation                            -5 VACHR

2022-08-18 * "Hoogle" "Payroll"
  Assets:US:BofA:Checking                         2550.60 USD
  Income:US:Hoogle:Salary                        -4615.38 USD
  Income:US:Hoogle:GroupTermLife                   -24.32 USD
  Expenses:Health:Life:GroupTermLife                24.32 USD
  Expenses:Health:Dental:Insurance                   2.90 USD
  Expenses:Health:Medical:Insurance                 27.38 USD
  Expenses:Health:Vision:Insurance                  42.30 USD
  Expenses:Taxes:Y2022:US:Medicare                 106.62 USD
  Expenses:Taxes:Y2022:US:Federal                 1062.92 USD
  Expenses:Taxes:Y2022:US:State                    365.08 USD
  Expenses:Taxes:Y2022:US:CityNYC                  174.92 USD
  Expenses:Taxes:Y2022:US:SDI                        1.12 USD
  Expenses:Taxes:Y2022:US:SocSec                   281.54 USD
  Assets:US:Federal:PreTax401k                       0.00 IRAUSD
  Assets:US:Hoogle:Vacation                             5 VACHR
  Income:US:Hoogle:Vacation                            -5 VACHR

2022-09-01 * "Hoogle" "Payroll"
  Assets:US:BofA:Checking                         2550.60 USD
  Income:US:Hoogle:Salary                        -4615.38 USD
  Income:US:Hoogle:GroupTermLife                   -24.32 USD
  Expenses:Health:Life:GroupTermLife                24.32 USD
  Expenses:Health:Dental:Insurance                   2.90 USD
  Expenses:Health:Medical:Insurance                 27.38 USD
  Expenses:Health:Vision:Insurance                  42.30 USD
  Expenses:Taxes:Y2022:US:Medicare                 106.62 USD
  Expenses:Taxes:Y2022:US:Federal                 1062.92 USD
  Expenses:Taxes:Y2022:US:State                    365.08 USD
  Expenses:Taxes:Y2022:US:CityNYC                  174.92 USD
  Expenses:Taxes:Y2022:US:SDI                        1.12 USD
  Expenses:Taxes:Y2022:US:SocSec                   281.54 USD
  Assets:US:Federal:PreTax401k                       0.00 IRAUSD
  Assets:US:Hoogle:Vacation                             5 VACHR
  Income:US:Hoogle:Vacation                            -5 VACHR

2022-09-15 * "Hoogle" "Payroll"
  Assets:US:BofA:Checking                         2550.60 USD
  Income:US:Hoogle:Salary                        -4615.38 USD
  Income:US:Hoogle:GroupTermLife                   -24.32 USD
  Expenses:Health:Life:GroupTermLife                24.32 USD
  Expenses:Health:Dental:Insurance                   2.90 USD
  Expenses:Health:Medical:Insurance                 27.38 USD
  Expenses:Health:Vision:Insurance                  42.30 USD
  Expenses:Taxes:Y2022:US:Medicare                 106.62 USD
  Expenses:Taxes:Y2022:US:Federal                 1062.92 USD
  Expenses:Taxes:Y2022:US:State                    365.08 USD
  Expenses:Taxes:Y2022:US:CityNYC                  174.92 USD
  Expenses:Taxes:Y2022:US:SDI                        1.12 USD
  Expenses:Taxes:Y2022:US:SocSec                   281.54 USD
  Assets:US:Federal:PreTax401k                       0.00 IRAUSD
  Assets:US:Hoogle:Vacation                             5 VACHR
  Income:US:Hoogle:Vacation                            -5 VACHR

2022-09-29 * "Hoogle" "Payroll"
  Assets:US:BofA:Checking                         2550.60 USD
  Income:US:Hoogle:Salary                        -4615.38 USD
  Income:US:Hoogle:GroupTermLife                   -24.32 USD
  Expenses:Health:Life:GroupTermLife                24.32 USD
  Expenses:Health:Dental:Insurance                   2.90 USD
  Expenses:Health:Medical:Insurance                 27.38 USD
  Expenses:Health:Vision:Insurance                  42.30 USD
  Expenses:Taxes:Y2022:US:Medicare                 106.62 USD
  Expenses:Taxes:Y2022:US:Federal                 1062.92 USD
  Expenses:Taxes:Y2022:US:State                    365.08 USD
  Expenses:Taxes:Y2022:US:CityNYC                  174.92 USD
  Expenses:Taxes:Y2022:US:SDI                        1.12 USD
  Expenses:Taxes:Y2022:US:SocSec                   281.54 USD
  Assets:US:Federal:PreTax401k                       0.00 IRAUSD
  Assets:US:Hoogle:Vacation                             5 VACHR
  Income:US:Hoogle:Vacation                            -5 VACHR

2022-10-13 * "Hoogle" "Payroll"
  Assets:US:BofA:Checking                         2550.60 USD
  Income:US:Hoogle:Salary                        -4615.38 USD
  Income:US:Hoogle:GroupTermLife                   -24.32 USD
  Expenses:Health:Life:GroupTermLife                24.32 USD
  Expenses:Health:Dental:Insurance                   2.90 USD
  Expenses:Health:Medical:Insurance                 27.38 USD
  Expenses:Health:Vision:Insurance                  42.30 USD
  Expenses:Taxes:Y2022:US:Medicare                 106.62 USD
  Expenses:Taxes:Y2022:US:Federal                 1062.92 USD
  Expenses:Taxes:Y2022:US:State                    365.08 USD
  Expenses:Taxes:Y2022:US:CityNYC                  174.92 USD
  Expenses:Taxes:Y2022:US:SDI                        1.12 USD
  Expenses:Taxes:Y2022:US:SocSec                   281.54 USD
  Assets:US:Federal:PreTax401k                       0.00 IRAUSD
  Assets:US:Hoogle:Vacation                             5 VACHR
  Income:US:Hoogle:Vacation                            -5 VACHR

2022-10-27 * "Hoogle" "Payroll"
  Assets:US:BofA:Checking                         2550.60 USD
  Income:US:Hoogle:Salary                        -4615.38 USD
  Income:US:Hoogle:GroupTermLife                   -24.32 USD
  Expenses:Health:Life:GroupTermLife                24.32 USD
  Expenses:Health:Dental:Insurance                   2.90 USD
  Expenses:Health:Medical:Insurance                 27.38 USD
  Expenses:Health:Vision:Insurance                  42.30 USD
  Expenses:Taxes:Y2022:US:Medicare                 106.62 USD
  Expenses:Taxes:Y2022:US:Federal                 1062.92 USD
  Expenses:Taxes:Y2022:US:State                    365.08 USD
  Expenses:Taxes:Y2022:US:CityNYC                  174.92 USD
  Expenses:Taxes:Y2022:US:SDI                        1.12 USD
  Expenses:Taxes:Y2022:US:SocSec                   281.54 USD
  Assets:US:Federal:PreTax401k                       0.00 IRAUSD
  Assets:US:Hoogle:Vacation                             5 VACHR
  Income:US:Hoogle:Vacation                            -5 VACHR

2022-11-10 * "Hoogle" "Payroll"
  Assets:US:BofA:Checking                         2550.60 USD
  Income:US:Hoogle:Salary                        -4615.38 USD
  Income:US:Hoogle:GroupTermLife                   -24.32 USD
  Expenses:Health:Life:GroupTermLife                24.32 USD
  Expenses:Health:Dental:Insurance                   2.90 USD
  Expenses:Health:Medical:Insurance                 27.38 USD
  Expenses:Health:Vision:Insurance                  42.30 USD
  Expenses:Taxes:Y2022:US:Medicare                 106.62 USD
  Expenses:Taxes:Y2022:US:Federal                 1062.92 USD
  Expenses:Taxes:Y2022:US:State                    365.08 USD
  Expenses:Taxes:Y2022:US:CityNYC                  174.92 USD
  Expenses:Taxes:Y2022:US:SDI                        1.12 USD
  Expenses:Taxes:Y2022:US:SocSec                   281.54 USD
  Assets:US:Federal:PreTax401k                       0.00 IRAUSD
  Assets:US:Hoogle:Vacation                             5 VACHR
  Income:US:Hoogle:Vacation                            -5 VACHR

2022-11-24 * "Hoogle" "Payroll"
  Assets:US:BofA:Checking                         2550.60 USD
  Income:US:Hoogle:Salary                        -4615.38 USD
  Income:US:Hoogle:GroupTermLife                   -24.32 USD
  Expenses:Health:Life:GroupTermLife                24.32 USD
  Expenses:Health:Dental:Insurance                   2.90 USD
  Expenses:Health:Medical:Insurance                 27.38 USD
  Expenses:Health:Vision:Insurance                  42.30 USD
  Expenses:Taxes:Y2022:US:Medicare                 106.62 USD
  Expenses:Taxes:Y2022:US:Federal                 1062.92 USD
  Expenses:Taxes:Y2022:US:State                    365.08 USD
  Expenses:Taxes:Y2022:US:CityNYC                  174.92 USD
  Expenses:Taxes:Y2022:US:SDI                        1.12 USD
  Expenses:Taxes:Y2022:US:SocSec                   281.54 USD
  Assets:US:Federal:PreTax401k                       0.00 IRAUSD
  Assets:US:Hoogle:Vacation                             5 VACHR
  Income:US:Hoogle:Vacation                            -5 VACHR

2022-12-08 * "Hoogle" "Payroll"
  Assets:US:BofA:Checking                         2589.06 USD
  Income:US:Hoogle:Salary                        -4615.38 USD
  Income:US:Hoogle:GroupTermLife                   -24.32 USD
  Expenses:Health:Life:GroupTermLife                24.32 USD
  Expenses:Health:Dental:Insurance                   2.90 USD
  Expenses:Health:Medical:Insurance                 27.38 USD
  Expenses:Health:Vision:Insurance                  42.30 USD
  Expenses:Taxes:Y2022:US:Medicare                 106.62 USD
  Expenses:Taxes:Y2022:US:Federal                 1062.92 USD
  Expenses:Taxes:Y2022:US:State                    365.08 USD
  Expenses:Taxes:Y2022:US:CityNYC                  174.92 USD
  Expenses:Taxes:Y2022:US:SDI                        1.12 USD
  Expenses:Taxes:Y2022:US:SocSec                   243.08 USD
  Assets:US:Federal:PreTax401k                       0.00 IRAUSD
  Assets:US:Hoogle:Vacation                             5 VACHR
  Income:US:Hoogle:Vacation                            -5 VACHR

2022-12-22 * "Hoogle" "Payroll"
  Assets:US:BofA:Checking                         2832.14 USD
  Income:US:Hoogle:Salary                        -4615.38 USD
  Income:US:Hoogle:GroupTermLife                   -24.32 USD
  Expenses:Health:Life:GroupTermLife                24.32 USD
  Expenses:Health:Dental:Insurance                   2.90 USD
  Expenses:Health:Medical:Insurance                 27.38 USD
  Expenses:Health:Vision:Insurance                  42.30 USD
  Expenses:Taxes:Y2022:US:Medicare                 106.62 USD
  Expenses:Taxes:Y2022:US:Federal                 1062.92 USD
  Expenses:Taxes:Y2022:US:State                    365.08 USD
  Expenses:Taxes:Y2022:US:CityNYC                  174.92 USD
  Expenses:Taxes:Y2022:US:SDI                        1.12 USD
  Expenses:Taxes:Y2022:US:SocSec                     0.00 USD
  Assets:US:Federal:PreTax401k                       0.00 IRAUSD
  Assets:US:Hoogle:Vacation                             5 VACHR
  Income:US:Hoogle:Vacation                            -5 VACHR

2023-01-05 * "Hoogle" "Payroll"
  Assets:US:BofA:Checking                         1350.60 USD
  Assets:US:Vanguard:Cash                         1200.00 USD
  Income:US:Hoogle:Salary                        -4615.38 USD
  Income:US:Hoogle:GroupTermLife                   -24.32 USD
  Expenses:Health:Life:GroupTermLife                24.32 USD
  Expenses:Health:Dental:Insurance                   2.90 USD
  Expenses:Health:Medical:Insurance                 27.38 USD
  Expenses:Health:Vision:Insurance                  42.30 USD
  Expenses:Taxes:Y2023:US:Medicare                 106.62 USD
  Expenses:Taxes:Y2023:US:Federal                 1062.92 USD
  Expenses:Taxes:Y2023:US:State                    365.08 USD
  Expenses:Taxes:Y2023:US:CityNYC                  174.92 USD
  Expenses:Taxes:Y2023:US:SDI                        1.12 USD
  Expenses:Taxes:Y2023:US:SocSec                   281.54 USD
  Assets:US:Federal:PreTax401k                   -1200.00 IRAUSD
  Expenses:Taxes:Y2023:US:Federal:PreTax401k      1200.00 IRAUSD
  Assets:US:Hoogle:Vacation                             5 VACHR
  Income:US:Hoogle:Vacation                            -5 VACHR

2023-01-19 * "Hoogle" "Payroll"
  Assets:US:BofA:Checking                         1350.60 USD
  Assets:US:Vanguard:Cash                         1200.00 USD
  Income:US:Hoogle:Salary                        -4615.38 USD
  Income:US:Hoogle:GroupTermLife                   -24.32 USD
  Expenses:Health:Life:GroupTermLife                24.32 USD
  Expenses:Health:Dental:Insurance                   2.90 USD
  Expenses:Health:Medical:Insurance                 27.38 USD
  Expenses:Health:Vision:Insurance                  42.30 USD
  Expenses:Taxes:Y2023:US:Medicare                 106.62 USD
  Expenses:Taxes:Y2023:US:Federal                 1062.92 USD
  Expenses:Taxes:Y2023:US:State                    365.08 USD
  Expenses:Taxes:Y2023:US:CityNYC                  174.92 USD
  Expenses:Taxes:Y2023:US:SDI                        1.12 USD
  Expenses:Taxes:Y2023:US:SocSec                   281.54 USD
  Assets:US:Federal:PreTax401k                   -1200.00 IRAUSD
  Expenses:Taxes:Y2023:US:Federal:PreTax401k      1200.00 IRAUSD
  Assets:US:Hoogle:Vacation                             5 VACHR
  Income:US:Hoogle:Vacation                            -5 VACHR

2023-02-02 * "Hoogle" "Payroll"
  Assets:US:BofA:Checking                         1350.60 USD
  Assets:US:Vanguard:Cash                         1200.00 USD
  Income:US:Hoogle:Salary                        -4615.38 USD
  Income:US:Hoogle:GroupTermLife                   -24.32 USD
  Expenses:Health:Life:GroupTermLife                24.32 USD
  Expenses:Health:Dental:Insurance                   2.90 USD
  Expenses:Health:Medical:Insurance                 27.38 USD
  Expenses:Health:Vision:Insurance                  42.30 USD
  Expenses:Taxes:Y2023:US:Medicare                 106.62 USD
  Expenses:Taxes:Y2023:US:Federal                 1062.92 USD
  Expenses:Taxes:Y2023:US:State                    365.08 USD
  Expenses:Taxes:Y2023:US:CityNYC                  174.92 USD
  Expenses:Taxes:Y2023:US:SDI                        1.12 USD
  Expenses:Taxes:Y2023:US:SocSec                   281.54 USD
  Assets:US:Federal:PreTax401k                   -1200.00 IRAUSD
  Expenses:Taxes:Y2023:US:Federal:PreTax401k      1200.00 IRAUSD
  Assets:US:Hoogle:Vacation                             5 VACHR
  Income:US:Hoogle:Vacation                            -5 VACHR

2023-02-16 * "Hoogle" "Payroll"
  Assets:US:BofA:Checking                         1350.60 USD
  Assets:US:Vanguard:Cash                         1200.00 USD
  Income:US:Hoogle:Salary                        -4615.38 USD
  Income:US:Hoogle:GroupTermLife                   -24.32 USD
  Expenses:Health:Life:GroupTermLife                24.32 USD
  Expenses:Health:Dental:Insurance                   2.90 USD
  Expenses:Health:Medical:Insurance                 27.38 USD
  Expenses:Health:Vision:Insurance                  42.30 USD
  Expenses:Taxes:Y2023:US:Medicare                 106.62 USD
  Expenses:Taxes:Y2023:US:Federal                 1062.92 USD
  Expenses:Taxes:Y2023:US:State                    365.08 USD
  Expenses:Taxes:Y2023:US:CityNYC                  174.92 USD
  Expenses:Taxes:Y2023:US:SDI                        1.12 USD
  Expenses:Taxes:Y2023:US:SocSec                   281.54 USD
  Assets:US:Federal:PreTax401k                   -1200.00 IRAUSD
  Expenses:Taxes:Y2023:US:Federal:PreTax401k      1200.00 IRAUSD
  Assets:US:Hoogle:Vacation                             5 VACHR
  Income:US:Hoogle:Vacation                            -5 VACHR

2023-03-02 * "Hoogle" "Payroll"
  Assets:US:BofA:Checking                         1350.60 USD
  Assets:US:Vanguard:Cash                         1200.00 USD
  Income:US:Hoogle:Salary                        -4615.38 USD
  Income:US:Hoogle:GroupTermLife                   -24.32 USD
  Expenses:Health:Life:GroupTermLife                24.32 USD
  Expenses:Health:Dental:Insurance                   2.90 USD
  Expenses:Health:Medical:Insurance                 27.38 USD
  Expenses:Health:Vision:Insurance                  42.30 USD
  Expenses:Taxes:Y2023:US:Medicare                 106.62 USD
  Expenses:Taxes:Y2023:US:Federal                 1062.92 USD
  Expenses:Taxes:Y2023:US:State                    365.08 USD
  Expenses:Taxes:Y2023:US:CityNYC                  174.92 USD
  Expenses:Taxes:Y2023:US:SDI                        1.12 USD
  Expenses:Taxes:Y2023:US:SocSec                   281.54 USD
  Assets:US:Federal:PreTax401k                   -1200.00 IRAUSD
  Expenses:Taxes:Y2023:US:Federal:PreTax401k      1200.00 IRAUSD
  Assets:US:Hoogle:Vacation                             5 VACHR
  Income:US:Hoogle:Vacation                            -5 VACHR

2023-03-16 * "Hoogle" "Payroll"
  Assets:US:BofA:Checking                         1350.60 USD
  Assets:US:Vanguard:Cash                         1200.00 USD
  Income:US:Hoogle:Salary                        -4615.38 USD
  Income:US:Hoogle:GroupTermLife                   -24.32 USD
  Expenses:Health:Life:GroupTermLife                24.32 USD
  Expenses:Health:Dental:Insurance                   2.90 USD
  Expenses:Health:Medical:Insurance                 27.38 USD
  Expenses:Health:Vision:Insurance                  42.30 USD
  Expenses:Taxes:Y2023:US:Medicare                 106.62 USD
  Expenses:Taxes:Y2023:US:Federal                 1062.92 USD
  Expenses:Taxes:Y2023:US:State                    365.08 USD
  Expenses:Taxes:Y2023:US:CityNYC                  174.92 USD
  Expenses:Taxes:Y2023:US:SDI                        1.12 USD
  Expenses:Taxes:Y2023:US:SocSec                   281.54 USD
  Assets:US:Federal:PreTax401k                   -1200.00 IRAUSD
  Expenses:Taxes:Y2023:US:Federal:PreTax401k      1200.00 IRAUSD
  Assets:US:Hoogle:Vacation                             5 VACHR
  Income:US:Hoogle:Vacation                            -5 VACHR

2023-03-30 * "Hoogle" "Payroll"
  Assets:US:BofA:Checking                         1350.60 USD
  Assets:US:Vanguard:Cash                         1200.00 USD
  Income:US:Hoogle:Salary                        -4615.38 USD
  Income:US:Hoogle:GroupTermLife                   -24.32 USD
  Expenses:Health:Life:GroupTermLife                24.32 USD
  Expenses:Health:Dental:Insurance                   2.90 USD
  Expenses:Health:Medical:Insurance                 27.38 USD
  Expenses:Health:Vision:Insurance                  42.30 USD
  Expenses:Taxes:Y2023:US:Medicare                 106.62 USD
  Expenses:Taxes:Y2023:US:Federal                 1062.92 USD
  Expenses:Taxes:Y2023:US:State                    365.08 USD
  Expenses:Taxes:Y2023:US:CityNYC                  174.92 USD
  Expenses:Taxes:Y2023:US:SDI                        1.12 USD
  Expenses:Taxes:Y2023:US:SocSec                   281.54 USD
  Assets:US:Federal:PreTax401k                   -1200.00 IRAUSD
  Expenses:Taxes:Y2023:US:Federal:PreTax401k      1200.00 IRAUSD
  Assets:US:Hoogle:Vacation                             5 VACHR
  Income:US:Hoogle:Vacation                            -5 VACHR

2023-04-13 * "Hoogle" "Payroll"
  Assets:US:BofA:Checking                         1350.60 USD
  Assets:US:Vanguard:Cash                         1200.00 USD
  Income:US:Hoogle:Salary                        -4615.38 USD
  Income:US:Hoogle:GroupTermLife                   -24.32 USD
  Expenses:Health:Life:GroupTermLife                24.32 USD
  Expenses:Health:Dental:Insurance                   2.90 USD
  Expenses:Health:Medical:Insurance                 27.38 USD
  Expenses:Health:Vision:Insurance                  42.30 USD
  Expenses:Taxes:Y2023:US:Medicare                 106.62 USD
  Expenses:Taxes:Y2023:US:Federal                 1062.92 USD
  Expenses:Taxes:Y2023:US:State                    365.08 USD
  Expenses:Taxes:Y2023:US:CityNYC                  174.92 USD
  Expenses:Taxes:Y2023:US:SDI                        1.12 USD
  Expenses:Taxes:Y2023:US:SocSec                   281.54 USD
  Assets:US:Federal:PreTax401k                   -1200.00 IRAUSD
  Expenses:Taxes:Y2023:US:Federal:PreTax401k      1200.00 IRAUSD
  Assets:US:Hoogle:Vacation                             5 VACHR
  Income:US:Hoogle:Vacation                            -5 VACHR

2023-04-27 * "Hoogle" "Payroll"
  Assets:US:BofA:Checking                         1350.60 USD
  Assets:US:Vanguard:Cash                         1200.00 USD
  Income:US:Hoogle:Salary                        -4615.38 USD
  Income:US:Hoogle:GroupTermLife                   -24.32 USD
  Expenses:Health:Life:GroupTermLife                24.32 USD
  Expenses:Health:Dental:Insurance                   2.90 USD
  Expenses:Health:Medical:Insurance                 27.38 USD
  Expenses:Health:Vision:Insurance                  42.30 USD
  Expenses:Taxes:Y2023:US:Medicare                 106.62 USD
  Expenses:Taxes:Y2023:US:Federal                 1062.92 USD
  Expenses:Taxes:Y2023:US:State                    365.08 USD
  Expenses:Taxes:Y2023:US:CityNYC                  174.92 USD
  Expenses:Taxes:Y2023:US:SDI                        1.12 USD
  Expenses:Taxes:Y2023:US:SocSec                   281.54 USD
  Assets:US:Federal:PreTax401k                   -1200.00 IRAUSD
  Expenses:Taxes:Y2023:US:Federal:PreTax401k      1200.00 IRAUSD
  Assets:US:Hoogle:Vacation                             5 VACHR
  Income:US:Hoogle:Vacation                            -5 VACHR

2023-05-11 * "Hoogle" "Payroll"
  Assets:US:BofA:Checking                         1350.60 USD
  Assets:US:Vanguard:Cash                         1200.00 USD
  Income:US:Hoogle:Salary                        -4615.38 USD
  Income:US:Hoogle:GroupTermLife                   -24.32 USD
  Expenses:Health:Life:GroupTermLife                24.32 USD
  Expenses:Health:Dental:Insurance                   2.90 USD
  Expenses:Health:Medical:Insurance                 27.38 USD
  Expenses:Health:Vision:Insurance                  42.30 USD
  Expenses:Taxes:Y2023:US:Medicare                 106.62 USD
  Expenses:Taxes:Y2023:US:Federal                 1062.92 USD
  Expenses:Taxes:Y2023:US:State                    365.08 USD
  Expenses:Taxes:Y2023:US:CityNYC                  174.92 USD
  Expenses:Taxes:Y2023:US:SDI                        1.12 USD
  Expenses:Taxes:Y2023:US:SocSec                   281.54 USD
  Assets:US:Federal:PreTax401k                   -1200.00 IRAUSD
  Expenses:Taxes:Y2023:US:Federal:PreTax401k      1200.00 IRAUSD
  Assets:US:Hoogle:Vacation                             5 VACHR
  Income:US:Hoogle:Vacation                            -5 VACHR



* Taxes

1980-05-12 open Income:US:Federal:PreTax401k                    IRAUSD
1980-05-12 open Assets:US:Federal:PreTax401k                    IRAUSD



** Tax Year 2021

2021-01-01 open Expenses:Taxes:Y2021:US:Federal:PreTax401k      IRAUSD
2021-01-01 open Expenses:Taxes:Y2021:US:Medicare                USD
2021-01-01 open Expenses:Taxes:Y2021:US:Federal                 USD
2021-01-01 open Expenses:Taxes:Y2021:US:CityNYC                 USD
2021-01-01 open Expenses:Taxes:Y2021:US:SDI                     USD
2021-01-01 open Expenses:Taxes:Y2021:US:State                   USD
2021-01-01 open Expenses:Taxes:Y2021:US:SocSec                  USD

2021-01-01 balance Assets:US:Federal:PreTax401k         0 IRAUSD

2021-01-01 * "Allowed contributions for one year"
  Income:US:Federal:PreTax401k                     -18500 IRAUSD
  Assets:US:Federal:PreTax401k                      18500 IRAUSD

2022-03-25 * "Filing taxes for 2021"
  Expenses:Taxes:Y2021:US:Federal                  506.82 USD
  Expenses:Taxes:Y2021:US:State                    248.52 USD
  Liabilities:AccountsPayable                     -755.34 USD

2022-03-27 * "FEDERAL TAXPYMT"
  Assets:US:BofA:Checking                         -506.82 USD
  Liabilities:AccountsPayable                      506.82 USD

2022-03-29 * "STATE TAX & FINANC PYMT"
  Assets:US:BofA:Checking                         -248.52 USD
  Liabilities:AccountsPayable                      248.52 USD



** Tax Year 2022

2022-01-01 open Expenses:Taxes:Y2022:US:Federal:PreTax401k      IRAUSD
2022-01-01 open Expenses:Taxes:Y2022:US:Medicare                USD
2022-01-01 open Expenses:Taxes:Y2022:US:Federal                 USD
2022-01-01 open Expenses:Taxes:Y2022:US:CityNYC                 USD
2022-01-01 open Expenses:Taxes:Y2022:US:SDI                     USD
2022-01-01 open Expenses:Taxes:Y2022:US:State                   USD
2022-01-01 open Expenses:Taxes:Y2022:US:SocSec                  USD

2022-01-01 balance Assets:US:Federal:PreTax401k         0 IRAUSD

2022-01-01 * "Allowed contributions for one year"
  Income:US:Federal:PreTax401k                     -18500 IRAUSD
  Assets:US:Federal:PreTax401k                      18500 IRAUSD

2023-03-20 * "Filing taxes for 2022"
  Expenses:Taxes:Y2022:US:Federal                  602.16 USD
  Expenses:Taxes:Y2022:US:State                    234.49 USD
  Liabilities:AccountsPayable                     -836.65 USD

2023-03-20 * "FEDERAL TAXPYMT"
  Assets:US:BofA:Checking                         -602.16 USD
  Liabilities:AccountsPayable                      602.16 USD

2023-03-22 * "STATE TAX & FINANC PYMT"
  Assets:US:BofA:Checking                         -234.49 USD
  Liabilities:AccountsPayable                      234.49 USD



** Tax Year 2023

2023-01-01 open Expenses:Taxes:Y2023:US:Federal:PreTax401k      IRAUSD
2023-01-01 open Expenses:Taxes:Y2023:US:Medicare                USD
2023-01-01 open Expenses:Taxes:Y2023:US:Federal                 USD
2023-01-01 open Expenses:Taxes:Y2023:US:CityNYC                 USD
2023-01-01 open Expenses:Taxes:Y2023:US:SDI                     USD
2023-01-01 open Expenses:Taxes:Y2023:US:State                   USD
2023-01-01 open Expenses:Taxes:Y2023:US:SocSec                  USD

2023-01-01 balance Assets:US:Federal:PreTax401k         0 IRAUSD

2023-01-01 * "Allowed contributions for one year"
  Income:US:Federal:PreTax401k                     -18500 IRAUSD
  Assets:US:Federal:PreTax401k                      18500 IRAUSD



* Expenses

1980-05-12 open Expenses:Food:Groceries
1980-05-12 open Expenses:Food:Restaurant
1980-05-12 open Expenses:Food:Coffee
1980-05-12 open Expenses:Food:Alcohol
1980-05-12 open Expenses:Transport:Tram
1980-05-12 open Expenses:Home:Rent
1980-05-12 open Expenses:Home:Electricity
1980-05-12 open Expenses:Home:Internet
1980-05-12 open Expenses:Home:Phone
1980-05-12 open Expenses:Financial:Fees
1980-05-12 open Expenses:Financial:Commissions



* Prices

2021-01-01 price VBMPX                             112.87 USD
2021-01-01 price RGAGX                              47.44 USD
2021-01-01 price ITOT                               92.82 USD
2021-01-01 price VEA                               105.68 USD
2021-01-01 price VHT                                56.79 USD
2021-01-01 price GLD                               182.04 USD
2021-01-08 price VBMPX                             112.53 USD
2021-01-08 price RGAGX                              48.05 USD
2021-01-08 price ITOT                               92.83 USD
2021-01-08 price VEA                               106.30 USD
2021-01-08 price VHT                                57.44 USD
2021-01-08 price GLD                               181.60 USD
2021-01-15 price VBMPX                             112.85 USD
2021-01-15 price RGAGX                              48.08 USD
2021-01-15 price ITOT                               92.51 USD
2021-01-15 price VEA                               107.56 USD
2021-01-15 price VHT                                57.60 USD
2021-01-15 price GLD                               183.60 USD
2021-01-22 price VBMPX                             112.58 USD
2021-01-22 price RGAGX                              48.54 USD
2021-01-22 price ITOT                               91.73 USD
2021-01-22 price VEA                               110.44 USD
2021-01-22 price VHT                                57.96 USD
2021-01-22 price GLD                               184.00 USD
2021-01-29 price VBMPX                             113.78 USD
2021-01-29 price RGAGX                              48.25 USD
2021-01-29 price ITOT                               91.37 USD
2021-01-29 price VEA                               110.49 USD
2021-01-29 price VHT                                58.36 USD
2021-01-29 price GLD                               184.70 USD
2021-02-05 price VBMPX                             115.66 USD
2021-02-05 price RGAGX                              48.96 USD
2021-02-05 price ITOT                               91.75 USD
2021-02-05 price VEA                               111.74 USD
2021-02-05 price VHT                                57.80 USD
2021-02-05 price GLD                               183.66 USD
2021-02-12 price VBMPX                             116.93 USD
2021-02-12 price RGAGX                              49.02 USD
2021-02-12 price ITOT                               92.40 USD
2021-02-12 price VEA                               111.22 USD
2021-02-12 price VHT                                58.04 USD
2021-02-12 price GLD                               185.02 USD
2021-02-19 price VBMPX                             115.91 USD
2021-02-19 price RGAGX                              47.93 USD
2021-02-19 price ITOT                               93.36 USD
2021-02-19 price VEA                               112.13 USD
2021-02-19 price VHT                                57.75 USD
2021-02-19 price GLD                               183.34 USD
2021-02-26 price VBMPX                             116.70 USD
2021-02-26 price RGAGX                              47.05 USD
2021-02-26 price ITOT                               93.42 USD
2021-02-26 price VEA                               112.34 USD
2021-02-26 price VHT                                58.17 USD
2021-02-26 price GLD                               185.73 USD
2021-03-05 price VBMPX                             119.29 USD
2021-03-05 price RGAGX                              46.89 USD
2021-03-05 price ITOT                               93.68 USD
2021-03-05 price VEA                               113.85 USD
2021-03-05 price VHT                                58.38 USD
2021-03-05 price GLD                               183.44 USD
2021-03-12 price VBMPX                             120.76 USD
2021-03-12 price RGAGX                              47.09 USD
2021-03-12 price ITOT                               94.02 USD
2021-03-12 price VEA                               111.83 USD
2021-03-12 price VHT                                58.41 USD
2021-03-12 price GLD                               181.72 USD
2021-03-19 price VBMPX                             125.22 USD
2021-03-19 price RGAGX                              46.93 USD
2021-03-19 price ITOT                               94.11 USD
2021-03-19 price VEA                               112.63 USD
2021-03-19 price VHT                                58.17 USD
2021-03-19 price GLD                               181.47 USD
2021-03-26 price VBMPX                             123.67 USD
2021-03-26 price RGAGX                              46.49 USD
2021-03-26 price ITOT                               93.15 USD
2021-03-26 price VEA                               114.79 USD
2021-03-26 price VHT                                57.82 USD
2021-03-26 price GLD                               179.65 USD
2021-04-02 price VBMPX                             126.58 USD
2021-04-02 price RGAGX                              46.07 USD
2021-04-02 price ITOT                               93.63 USD
2021-04-02 price VEA                               115.76 USD
2021-04-02 price VHT                                58.00 USD
2021-04-02 price GLD                               179.95 USD
2021-04-09 price VBMPX                             131.30 USD
2021-04-09 price RGAGX                              45.64 USD
2021-04-09 price ITOT                               93.31 USD
2021-04-09 price VEA                               117.05 USD
2021-04-09 price VHT                                57.85 USD
2021-04-09 price GLD                               179.38 USD
2021-04-16 price VBMPX                             134.81 USD
2021-04-16 price RGAGX                              45.67 USD
2021-04-16 price ITOT                               93.72 USD
2021-04-16 price VEA                               115.98 USD
2021-04-16 price VHT                                57.66 USD
2021-04-16 price GLD                               179.70 USD
2021-04-23 price VBMPX                             134.25 USD
2021-04-23 price RGAGX                              45.98 USD
2021-04-23 price ITOT                               93.68 USD
2021-04-23 price VEA                               116.47 USD
2021-04-23 price VHT                                57.25 USD
2021-04-23 price GLD                               181.20 USD
2021-04-30 price VBMPX                             134.98 USD
2021-04-30 price RGAGX                              44.69 USD
2021-04-30 price ITOT                               93.92 USD
2021-04-30 price VEA                               116.81 USD
2021-04-30 price VHT                                57.03 USD
2021-04-30 price GLD                               181.64 USD
2021-05-07 price VBMPX                             137.02 USD
2021-05-07 price RGAGX                              44.53 USD
2021-05-07 price ITOT                               94.47 USD
2021-05-07 price VEA                               116.34 USD
2021-05-07 price VHT                                57.76 USD
2021-05-07 price GLD                               181.19 USD
2021-05-14 price VBMPX                             139.47 USD
2021-05-14 price RGAGX                              44.76 USD
2021-05-14 price ITOT                               94.37 USD
2021-05-14 price VEA                               118.55 USD
2021-05-14 price VHT                                58.31 USD
2021-05-14 price GLD                               181.37 USD
2021-05-21 price VBMPX                             143.40 USD
2021-05-21 price RGAGX                              44.82 USD
2021-05-21 price ITOT                               93.62 USD
2021-05-21 price VEA                               116.60 USD
2021-05-21 price VHT                                58.04 USD
2021-05-21 price GLD                               181.36 USD
2021-05-28 price VBMPX                             141.95 USD
2021-05-28 price RGAGX                              44.53 USD
2021-05-28 price ITOT                               94.19 USD
2021-05-28 price VEA                               118.84 USD
2021-05-28 price VHT                                58.50 USD
2021-05-28 price GLD                               183.30 USD
2021-06-04 price VBMPX                             140.91 USD
2021-06-04 price RGAGX                              45.87 USD
2021-06-04 price ITOT                               93.80 USD
2021-06-04 price VEA                               119.59 USD
2021-06-04 price VHT                                58.86 USD
2021-06-04 price GLD                               184.21 USD
2021-06-11 price VBMPX                             139.96 USD
2021-06-11 price RGAGX                              45.15 USD
2021-06-11 price ITOT                               93.87 USD
2021-06-11 price VEA                               117.59 USD
2021-06-11 price VHT                                58.27 USD
2021-06-11 price GLD                               182.24 USD
2021-06-18 price VBMPX                             143.32 USD
2021-06-18 price RGAGX                              44.72 USD
2021-06-18 price ITOT                               93.65 USD
2021-06-18 price VEA                               119.64 USD
2021-06-18 price VHT                                58.91 USD
2021-06-18 price GLD                               181.45 USD
2021-06-25 price VBMPX                             143.14 USD
2021-06-25 price RGAGX                              45.22 USD
2021-06-25 price ITOT                               93.25 USD
2021-06-25 price VEA                               118.87 USD
2021-06-25 price VHT                                59.41 USD
2021-06-25 price GLD                               182.21 USD
2021-07-02 price VBMPX                             142.95 USD
2021-07-02 price RGAGX                              45.02 USD
2021-07-02 price ITOT                               93.86 USD
2021-07-02 price VEA                               120.98 USD
2021-07-02 price VHT                                58.95 USD
2021-07-02 price GLD                               181.35 USD
2021-07-09 price VBMPX                             140.06 USD
2021-07-09 price RGAGX                              44.09 USD
2021-07-09 price ITOT                               93.96 USD
2021-07-09 price VEA                               121.88 USD
2021-07-09 price VHT                                58.13 USD
2021-07-09 price GLD                               182.99 USD
2021-07-16 price VBMPX                             141.21 USD
2021-07-16 price RGAGX                              43.59 USD
2021-07-16 price ITOT                               94.39 USD
2021-07-16 price VEA                               123.06 USD
2021-07-16 price VHT                                58.64 USD
2021-07-16 price GLD                               181.55 USD
2021-07-23 price VBMPX                             141.25 USD
2021-07-23 price RGAGX                              42.77 USD
2021-07-23 price ITOT                               95.13 USD
2021-07-23 price VEA                               122.42 USD
2021-07-23 price VHT                                58.40 USD
2021-07-23 price GLD                               182.65 USD
2021-07-30 price VBMPX                             142.27 USD
2021-07-30 price RGAGX                              42.58 USD
2021-07-30 price ITOT                               95.76 USD
2021-07-30 price VEA                               121.57 USD
2021-07-30 price VHT                                58.27 USD
2021-07-30 price GLD                               182.51 USD
2021-08-06 price VBMPX                             139.79 USD
2021-08-06 price RGAGX                              43.63 USD
2021-08-06 price ITOT                               96.49 USD
2021-08-06 price VEA                               120.13 USD
2021-08-06 price VHT                                58.60 USD
2021-08-06 price GLD                               181.86 USD
2021-08-13 price VBMPX                             139.49 USD
2021-08-13 price RGAGX                              44.49 USD
2021-08-13 price ITOT                               96.60 USD
2021-08-13 price VEA                               120.94 USD
2021-08-13 price VHT                                56.95 USD
2021-08-13 price GLD                               183.42 USD
2021-08-20 price VBMPX                             137.20 USD
2021-08-20 price RGAGX                              44.29 USD
2021-08-20 price ITOT                               96.41 USD
2021-08-20 price VEA                               119.52 USD
2021-08-20 price VHT                                57.55 USD
2021-08-20 price GLD                               182.23 USD
2021-08-27 price VBMPX                             137.74 USD
2021-08-27 price RGAGX                              46.25 USD
2021-08-27 price ITOT                               96.35 USD
2021-08-27 price VEA                               120.14 USD
2021-08-27 price VHT                                57.90 USD
2021-08-27 price GLD                               182.89 USD
2021-09-03 price VBMPX                             140.25 USD
2021-09-03 price RGAGX                              46.74 USD
2021-09-03 price ITOT                               96.53 USD
2021-09-03 price VEA                               122.83 USD
2021-09-03 price VHT                                58.05 USD
2021-09-03 price GLD                               178.80 USD
2021-09-10 price VBMPX                             140.87 USD
2021-09-10 price RGAGX                              46.16 USD
2021-09-10 price ITOT                               96.27 USD
2021-09-10 price VEA                               123.16 USD
2021-09-10 price VHT                                58.07 USD
2021-09-10 price GLD                               177.66 USD
2021-09-17 price VBMPX                             144.43 USD
2021-09-17 price RGAGX                              46.17 USD
2021-09-17 price ITOT                               95.70 USD
2021-09-17 price VEA                               120.60 USD
2021-09-17 price VHT                                57.78 USD
2021-09-17 price GLD                               177.38 USD
2021-09-24 price VBMPX                             145.94 USD
2021-09-24 price RGAGX                              46.21 USD
2021-09-24 price ITOT                               97.30 USD
2021-09-24 price VEA                               119.59 USD
2021-09-24 price VHT                                57.83 USD
2021-09-24 price GLD                               178.06 USD
2021-10-01 price VBMPX                             149.15 USD
2021-10-01 price RGAGX                              45.88 USD
2021-10-01 price ITOT                               98.53 USD
2021-10-01 price VEA                               118.52 USD
2021-10-01 price VHT                                57.98 USD
2021-10-01 price GLD                               175.65 USD
2021-10-08 price VBMPX                             148.75 USD
2021-10-08 price RGAGX                              45.48 USD
2021-10-08 price ITOT                               98.35 USD
2021-10-08 price VEA                               121.21 USD
2021-10-08 price VHT                                57.88 USD
2021-10-08 price GLD                               176.87 USD
2021-10-15 price VBMPX                             144.29 USD
2021-10-15 price RGAGX                              46.08 USD
2021-10-15 price ITOT                               98.78 USD
2021-10-15 price VEA                               123.02 USD
2021-10-15 price VHT                                57.52 USD
2021-10-15 price GLD                               176.06 USD
2021-10-22 price VBMPX                             139.49 USD
2021-10-22 price RGAGX                              45.84 USD
2021-10-22 price ITOT                               98.34 USD
2021-10-22 price VEA                               124.97 USD
2021-10-22 price VHT                                57.89 USD
2021-10-22 price GLD                               177.16 USD
2021-10-29 price VBMPX                             142.80 USD
2021-10-29 price RGAGX                              45.90 USD
2021-10-29 price ITOT                               98.02 USD
2021-10-29 price VEA                               125.05 USD
2021-10-29 price VHT                                59.40 USD
2021-10-29 price GLD                               176.79 USD
2021-11-05 price VBMPX                             146.34 USD
2021-11-05 price RGAGX                              46.01 USD
2021-11-05 price ITOT                               97.61 USD
2021-11-05 price VEA                               123.30 USD
2021-11-05 price VHT                                60.28 USD
2021-11-05 price GLD                               175.84 USD
2021-11-12 price VBMPX                             150.39 USD
2021-11-12 price RGAGX                              45.06 USD
2021-11-12 price ITOT                               97.87 USD
2021-11-12 price VEA                               123.29 USD
2021-11-12 price VHT                                60.90 USD
2021-11-12 price GLD                               176.06 USD
2021-11-19 price VBMPX                             154.60 USD
2021-11-19 price RGAGX                              45.63 USD
2021-11-19 price ITOT                               98.28 USD
2021-11-19 price VEA                               124.45 USD
2021-11-19 price VHT                                61.51 USD
2021-11-19 price GLD                               176.61 USD
2021-11-26 price VBMPX                             156.60 USD
2021-11-26 price RGAGX                              45.52 USD
2021-11-26 price ITOT                               97.67 USD
2021-11-26 price VEA                               122.97 USD
2021-11-26 price VHT                                61.85 USD
2021-11-26 price GLD                               178.02 USD
2021-12-03 price VBMPX                             158.84 USD
2021-12-03 price RGAGX                              45.30 USD
2021-12-03 price ITOT                               97.71 USD
2021-12-03 price VEA                               123.03 USD
2021-12-03 price VHT                                61.52 USD
2021-12-03 price GLD                               176.69 USD
2021-12-10 price VBMPX                             156.60 USD
2021-12-10 price RGAGX                              46.00 USD
2021-12-10 price ITOT                               97.19 USD
2021-12-10 price VEA                               123.25 USD
2021-12-10 price VHT                                62.05 USD
2021-12-10 price GLD                               177.54 USD
2021-12-17 price VBMPX                             158.62 USD
2021-12-17 price RGAGX                              46.05 USD
2021-12-17 price ITOT                               97.76 USD
2021-12-17 price VEA                               121.27 USD
2021-12-17 price VHT                                62.57 USD
2021-12-17 price GLD                               175.17 USD
2021-12-24 price VBMPX                             156.53 USD
2021-12-24 price RGAGX                              45.06 USD
2021-12-24 price ITOT                               98.34 USD
2021-12-24 price VEA                               120.89 USD
2021-12-24 price VHT                                62.47 USD
2021-12-24 price GLD                               173.31 USD
2021-12-31 price VBMPX                             158.14 USD
2021-12-31 price RGAGX                              45.55 USD
2021-12-31 price ITOT                               99.43 USD
2021-12-31 price VEA                               121.57 USD
2021-12-31 price VHT                                62.99 USD
2021-12-31 price GLD                               174.66 USD
2022-01-07 price VBMPX                             155.36 USD
2022-01-07 price RGAGX                              46.30 USD
2022-01-07 price ITOT                               98.85 USD
2022-01-07 price VEA                               120.36 USD
2022-01-07 price VHT                                63.51 USD
2022-01-07 price GLD                               175.49 USD
2022-01-14 price VBMPX                             156.61 USD
2022-01-14 price RGAGX                              47.36 USD
2022-01-14 price ITOT                               99.24 USD
2022-01-14 price VEA                               120.56 USD
2022-01-14 price VHT                                63.81 USD
2022-01-14 price GLD                               175.29 USD
2022-01-21 price VBMPX                             152.59 USD
2022-01-21 price RGAGX                              47.37 USD
2022-01-21 price ITOT                               99.21 USD
2022-01-21 price VEA                               119.12 USD
2022-01-21 price VHT                                64.28 USD
2022-01-21 price GLD                               175.01 USD
2022-01-28 price VBMPX                             158.69 USD
2022-01-28 price RGAGX                              48.26 USD
2022-01-28 price ITOT                              100.04 USD
2022-01-28 price VEA                               121.66 USD
2022-01-28 price VHT                                63.65 USD
2022-01-28 price GLD                               174.95 USD
2022-02-04 price VBMPX                             161.22 USD
2022-02-04 price RGAGX                              48.13 USD
2022-02-04 price ITOT                              100.11 USD
2022-02-04 price VEA                               122.31 USD
2022-02-04 price VHT                                63.18 USD
2022-02-04 price GLD                               177.01 USD
2022-02-11 price VBMPX                             159.93 USD
2022-02-11 price RGAGX                              48.72 USD
2022-02-11 price ITOT                              100.33 USD
2022-02-11 price VEA                               122.01 USD
2022-02-11 price VHT                                62.94 USD
2022-02-11 price GLD                               173.80 USD
2022-02-18 price VBMPX                             153.45 USD
2022-02-18 price RGAGX                              49.93 USD
2022-02-18 price ITOT                              100.36 USD
2022-02-18 price VEA                               118.38 USD
2022-02-18 price VHT                                62.70 USD
2022-02-18 price GLD                               170.32 USD
2022-02-25 price VBMPX                             153.85 USD
2022-02-25 price RGAGX                              49.20 USD
2022-02-25 price ITOT                              101.16 USD
2022-02-25 price VEA                               118.07 USD
2022-02-25 price VHT                                63.20 USD
2022-02-25 price GLD                               173.21 USD
2022-03-04 price VBMPX                             154.09 USD
2022-03-04 price RGAGX                              49.20 USD
2022-03-04 price ITOT                              100.24 USD
2022-03-04 price VEA                               119.78 USD
2022-03-04 price VHT                                63.22 USD
2022-03-04 price GLD                               171.83 USD
2022-03-11 price VBMPX                             157.84 USD
2022-03-11 price RGAGX                              47.78 USD
2022-03-11 price ITOT                              101.18 USD
2022-03-11 price VEA                               121.43 USD
2022-03-11 price VHT                                63.39 USD
2022-03-11 price GLD                               174.75 USD
2022-03-18 price VBMPX                             157.60 USD
2022-03-18 price RGAGX                              48.58 USD
2022-03-18 price ITOT                              102.85 USD
2022-03-18 price VEA                               121.17 USD
2022-03-18 price VHT                                63.91 USD
2022-03-18 price GLD                               174.01 USD
2022-03-25 price VBMPX                             157.78 USD
2022-03-25 price RGAGX                              47.62 USD
2022-03-25 price ITOT                              103.62 USD
2022-03-25 price VEA                               120.50 USD
2022-03-25 price VHT                                64.18 USD
2022-03-25 price GLD                               170.42 USD
2022-04-01 price VBMPX                             154.12 USD
2022-04-01 price RGAGX                              46.99 USD
2022-04-01 price ITOT                              104.67 USD
2022-04-01 price VEA                               119.77 USD
2022-04-01 price VHT                                64.92 USD
2022-04-01 price GLD                               170.38 USD
2022-04-08 price VBMPX                             151.97 USD
2022-04-08 price RGAGX                              47.28 USD
2022-04-08 price ITOT                              104.65 USD
2022-04-08 price VEA                               121.38 USD
2022-04-08 price VHT                                64.80 USD
2022-04-08 price GLD                               171.13 USD
2022-04-15 price VBMPX                             152.04 USD
2022-04-15 price RGAGX                              48.05 USD
2022-04-15 price ITOT                              104.94 USD
2022-04-15 price VEA                               119.52 USD
2022-04-15 price VHT                                64.47 USD
2022-04-15 price GLD                               172.48 USD
2022-04-22 price VBMPX                             152.74 USD
2022-04-22 price RGAGX                              48.95 USD
2022-04-22 price ITOT                              104.59 USD
2022-04-22 price VEA                               121.17 USD
2022-04-22 price VHT                                64.99 USD
2022-04-22 price GLD                               170.97 USD
2022-04-29 price VBMPX                             150.77 USD
2022-04-29 price RGAGX                              49.31 USD
2022-04-29 price ITOT                              104.08 USD
2022-04-29 price VEA                               122.18 USD
2022-04-29 price VHT                                65.53 USD
2022-04-29 price GLD                               171.90 USD
2022-05-06 price VBMPX                             148.88 USD
2022-05-06 price RGAGX                              48.52 USD
2022-05-06 price ITOT                              103.60 USD
2022-05-06 price VEA                               123.48 USD
2022-05-06 price VHT                                65.41 USD
2022-05-06 price GLD                               172.24 USD
2022-05-13 price VBMPX                             152.19 USD
2022-05-13 price RGAGX                              49.89 USD
2022-05-13 price ITOT                              102.68 USD
2022-05-13 price VEA                               122.66 USD
2022-05-13 price VHT                                65.57 USD
2022-05-13 price GLD                               172.08 USD
2022-05-20 price VBMPX                             152.23 USD
2022-05-20 price RGAGX                              48.86 USD
2022-05-20 price ITOT                              102.22 USD
2022-05-20 price VEA                               125.47 USD
2022-05-20 price VHT                                64.73 USD
2022-05-20 price GLD                               170.24 USD
2022-05-27 price VBMPX                             152.31 USD
2022-05-27 price RGAGX                              50.27 USD
2022-05-27 price ITOT                              102.51 USD
2022-05-27 price VEA                               128.80 USD
2022-05-27 price VHT                                65.37 USD
2022-05-27 price GLD                               169.93 USD
2022-06-03 price VBMPX                             149.10 USD
2022-06-03 price RGAGX                              50.48 USD
2022-06-03 price ITOT                              102.02 USD
2022-06-03 price VEA                               125.93 USD
2022-06-03 price VHT                                64.67 USD
2022-06-03 price GLD                               170.38 USD
2022-06-10 price VBMPX                             147.97 USD
2022-06-10 price RGAGX                              50.49 USD
2022-06-10 price ITOT                              101.12 USD
2022-06-10 price VEA                               128.69 USD
2022-06-10 price VHT                                63.89 USD
2022-06-10 price GLD                               172.18 USD
2022-06-17 price VBMPX                             148.83 USD
2022-06-17 price RGAGX                              50.46 USD
2022-06-17 price ITOT                              101.42 USD
2022-06-17 price VEA                               127.45 USD
2022-06-17 price VHT                                63.37 USD
2022-06-17 price GLD                               170.39 USD
2022-06-24 price VBMPX                             148.29 USD
2022-06-24 price RGAGX                              50.59 USD
2022-06-24 price ITOT                              102.68 USD
2022-06-24 price VEA                               129.85 USD
2022-06-24 price VHT                                64.21 USD
2022-06-24 price GLD                               169.22 USD
2022-07-01 price VBMPX                             151.15 USD
2022-07-01 price RGAGX                              50.65 USD
2022-07-01 price ITOT                              103.27 USD
2022-07-01 price VEA                               128.50 USD
2022-07-01 price VHT                                64.32 USD
2022-07-01 price GLD                               167.20 USD
2022-07-08 price VBMPX                             154.18 USD
2022-07-08 price RGAGX                              50.01 USD
2022-07-08 price ITOT                              104.40 USD
2022-07-08 price VEA                               129.18 USD
2022-07-08 price VHT                                64.59 USD
2022-07-08 price GLD                               165.65 USD
2022-07-15 price VBMPX                             151.34 USD
2022-07-15 price RGAGX                              51.32 USD
2022-07-15 price ITOT                              104.05 USD
2022-07-15 price VEA                               130.92 USD
2022-07-15 price VHT                                64.76 USD
2022-07-15 price GLD                               166.88 USD
2022-07-22 price VBMPX                             149.98 USD
2022-07-22 price RGAGX                              52.10 USD
2022-07-22 price ITOT                              104.01 USD
2022-07-22 price VEA                               131.12 USD
2022-07-22 price VHT                                64.74 USD
2022-07-22 price GLD                               167.18 USD
2022-07-29 price VBMPX                             149.59 USD
2022-07-29 price RGAGX                              52.80 USD
2022-07-29 price ITOT                              103.88 USD
2022-07-29 price VEA                               130.00 USD
2022-07-29 price VHT                                64.75 USD
2022-07-29 price GLD                               167.39 USD
2022-08-05 price VBMPX                             148.37 USD
2022-08-05 price RGAGX                              53.35 USD
2022-08-05 price ITOT                              104.47 USD
2022-08-05 price VEA                               130.37 USD
2022-08-05 price VHT                                65.05 USD
2022-08-05 price GLD                               166.73 USD
2022-08-12 price VBMPX                             145.79 USD
2022-08-12 price RGAGX                              52.87 USD
2022-08-12 price ITOT                              103.84 USD
2022-08-12 price VEA                               131.73 USD
2022-08-12 price VHT                                65.50 USD
2022-08-12 price GLD                               166.51 USD
2022-08-19 price VBMPX                             141.95 USD
2022-08-19 price RGAGX                              53.19 USD
2022-08-19 price ITOT                              104.45 USD
2022-08-19 price VEA                               131.02 USD
2022-08-19 price VHT                                66.32 USD
2022-08-19 price GLD                               167.12 USD
2022-08-26 price VBMPX                             144.52 USD
2022-08-26 price RGAGX                              53.02 USD
2022-08-26 price ITOT                              104.02 USD
2022-08-26 price VEA                               130.06 USD
2022-08-26 price VHT                                66.79 USD
2022-08-26 price GLD                               167.33 USD
2022-09-02 price VBMPX                             147.05 USD
2022-09-02 price RGAGX                              53.53 USD
2022-09-02 price ITOT                              104.76 USD
2022-09-02 price VEA                               131.82 USD
2022-09-02 price VHT                                66.52 USD
2022-09-02 price GLD                               166.46 USD
2022-09-09 price VBMPX                             145.45 USD
2022-09-09 price RGAGX                              54.09 USD
2022-09-09 price ITOT                              104.99 USD
2022-09-09 price VEA                               131.22 USD
2022-09-09 price VHT                                66.23 USD
2022-09-09 price GLD                               169.00 USD
2022-09-16 price VBMPX                             149.19 USD
2022-09-16 price RGAGX                              52.87 USD
2022-09-16 price ITOT                              104.75 USD
2022-09-16 price VEA                               130.57 USD
2022-09-16 price VHT                                66.68 USD
2022-09-16 price GLD                               169.28 USD
2022-09-23 price VBMPX                             149.40 USD
2022-09-23 price RGAGX                              53.22 USD
2022-09-23 price ITOT                              105.36 USD
2022-09-23 price VEA                               132.56 USD
2022-09-23 price VHT                                67.12 USD
2022-09-23 price GLD                               169.32 USD
2022-09-30 price VBMPX                             145.27 USD
2022-09-30 price RGAGX                              53.39 USD
2022-09-30 price ITOT                              105.14 USD
2022-09-30 price VEA                               133.07 USD
2022-09-30 price VHT                                66.58 USD
2022-09-30 price GLD                               172.03 USD
2022-10-07 price VBMPX                             143.85 USD
2022-10-07 price RGAGX                              53.54 USD
2022-10-07 price ITOT                              104.73 USD
2022-10-07 price VEA                               133.16 USD
2022-10-07 price VHT                                66.65 USD
2022-10-07 price GLD                               171.46 USD
2022-10-14 price VBMPX                             147.73 USD
2022-10-14 price RGAGX                              53.42 USD
2022-10-14 price ITOT                              105.03 USD
2022-10-14 price VEA                               133.61 USD
2022-10-14 price VHT                                66.75 USD
2022-10-14 price GLD                               172.65 USD
2022-10-21 price VBMPX                             146.10 USD
2022-10-21 price RGAGX                              53.71 USD
2022-10-21 price ITOT                              104.24 USD
2022-10-21 price VEA                               135.26 USD
2022-10-21 price VHT                                67.45 USD
2022-10-21 price GLD                               171.89 USD
2022-10-28 price VBMPX                             144.17 USD
2022-10-28 price RGAGX                              54.37 USD
2022-10-28 price ITOT                              102.68 USD
2022-10-28 price VEA                               136.65 USD
2022-10-28 price VHT                                67.20 USD
2022-10-28 price GLD                               173.65 USD
2022-11-04 price VBMPX                             145.04 USD
2022-11-04 price RGAGX                              54.30 USD
2022-11-04 price ITOT                              102.73 USD
2022-11-04 price VEA                               136.76 USD
2022-11-04 price VHT                                67.89 USD
2022-11-04 price GLD                               172.73 USD
2022-11-11 price VBMPX                             143.67 USD
2022-11-11 price RGAGX                              53.88 USD
2022-11-11 price ITOT                              103.25 USD
2022-11-11 price VEA                               138.13 USD
2022-11-11 price VHT                                67.51 USD
2022-11-11 price GLD                               170.82 USD
2022-11-18 price VBMPX                             141.75 USD
2022-11-18 price RGAGX                              54.17 USD
2022-11-18 price ITOT                              103.56 USD
2022-11-18 price VEA                               138.82 USD
2022-11-18 price VHT                                67.54 USD
2022-11-18 price GLD                               171.80 USD
2022-11-25 price VBMPX                             142.82 USD
2022-11-25 price RGAGX                              55.22 USD
2022-11-25 price ITOT                              103.11 USD
2022-11-25 price VEA                               135.49 USD
2022-11-25 price VHT                                67.02 USD
2022-11-25 price GLD                               173.54 USD
2022-12-02 price VBMPX                             141.87 USD
2022-12-02 price RGAGX                              55.70 USD
2022-12-02 price ITOT                              102.69 USD
2022-12-02 price VEA                               135.33 USD
2022-12-02 price VHT                                67.03 USD
2022-12-02 price GLD                               169.63 USD
2022-12-09 price VBMPX                             143.64 USD
2022-12-09 price RGAGX                              56.50 USD
2022-12-09 price ITOT                              102.66 USD
2022-12-09 price VEA                               136.24 USD
2022-12-09 price VHT                                66.47 USD
2022-12-09 price GLD                               171.48 USD
2022-12-16 price VBMPX                             141.71 USD
2022-12-16 price RGAGX                              56.57 USD
2022-12-16 price ITOT                              103.42 USD
2022-12-16 price VEA                               135.42 USD
2022-12-16 price VHT                                67.71 USD
2022-12-16 price GLD                               172.87 USD
2022-12-23 price VBMPX                             141.98 USD
2022-12-23 price RGAGX                              55.60 USD
2022-12-23 price ITOT                              102.96 USD
2022-12-23 price VEA                               136.04 USD
2022-12-23 price VHT                                67.47 USD
2022-12-23 price GLD                               174.07 USD
2022-12-30 price VBMPX                             137.36 USD
2022-12-30 price RGAGX                              56.56 USD
2022-12-30 price ITOT                              102.64 USD
2022-12-30 price VEA                               135.48 USD
2022-12-30 price VHT                                68.20 USD
2022-12-30 price GLD                               174.56 USD
2023-01-06 price VBMPX                             135.77 USD
2023-01-06 price RGAGX                              56.27 USD
2023-01-06 price ITOT                              103.06 USD
2023-01-06 price VEA                               136.06 USD
2023-01-06 price VHT                                69.05 USD
2023-01-06 price GLD                               174.93 USD
2023-01-13 price VBMPX                             136.18 USD
2023-01-13 price RGAGX                              55.13 USD
2023-01-13 price ITOT                              103.29 USD
2023-01-13 price VEA                               134.65 USD
2023-01-13 price VHT                                68.87 USD
2023-01-13 price GLD                               172.44 USD
2023-01-20 price VBMPX                             135.72 USD
2023-01-20 price RGAGX                              55.94 USD
2023-01-20 price ITOT                              102.59 USD
2023-01-20 price VEA                               134.21 USD
2023-01-20 price VHT                                69.25 USD
2023-01-20 price GLD                               174.13 USD
2023-01-27 price VBMPX                             134.19 USD
2023-01-27 price RGAGX                              55.27 USD
2023-01-27 price ITOT                              102.47 USD
2023-01-27 price VEA                               133.86 USD
2023-01-27 price VHT                                68.96 USD
2023-01-27 price GLD                               170.91 USD
2023-02-03 price VBMPX                             133.16 USD
2023-02-03 price RGAGX                              55.59 USD
2023-02-03 price ITOT                              102.83 USD
2023-02-03 price VEA                               132.71 USD
2023-02-03 price VHT                                69.44 USD
2023-02-03 price GLD                               171.60 USD
2023-02-10 price VBMPX                             129.78 USD
2023-02-10 price RGAGX                              55.72 USD
2023-02-10 price ITOT                              103.60 USD
2023-02-10 price VEA                               131.80 USD
2023-02-10 price VHT                                69.02 USD
2023-02-10 price GLD                               172.76 USD
2023-02-17 price VBMPX                             130.34 USD
2023-02-17 price RGAGX                              55.48 USD
2023-02-17 price ITOT                              103.47 USD
2023-02-17 price VEA                               131.61 USD
2023-02-17 price VHT                                68.66 USD
2023-02-17 price GLD                               174.67 USD
2023-02-24 price VBMPX                             130.03 USD
2023-02-24 price RGAGX                              55.65 USD
2023-02-24 price ITOT                              103.75 USD
2023-02-24 price VEA                               130.93 USD
2023-02-24 price VHT                                68.38 USD
2023-02-24 price GLD                               176.22 USD
2023-03-03 price VBMPX                             130.54 USD
2023-03-03 price RGAGX                              55.33 USD
2023-03-03 price ITOT                              103.68 USD
2023-03-03 price VEA                               129.20 USD
2023-03-03 price VHT                                69.10 USD
2023-03-03 price GLD                               175.13 USD
2023-03-10 price VBMPX                             135.62 USD
2023-03-10 price RGAGX                              54.52 USD
2023-03-10 price ITOT                              103.80 USD
2023-03-10 price VEA                               128.30 USD
2023-03-10 price VHT                                69.22 USD
2023-03-10 price GLD                               175.05 USD
2023-03-17 price VBMPX                             136.99 USD
2023-03-17 price RGAGX                              55.25 USD
2023-03-17 price ITOT                              105.04 USD
2023-03-17 price VEA                               128.50 USD
2023-03-17 price VHT                                68.56 USD
2023-03-17 price GLD                               177.42 USD
2023-03-24 price VBMPX                             133.02 USD
2023-03-24 price RGAGX                              55.25 USD
2023-03-24 price ITOT                              104.93 USD
2023-03-24 price VEA                               131.01 USD
2023-03-24 price VHT                                69.10 USD
2023-03-24 price GLD                               176.33 USD
2023-03-31 price VBMPX                             131.55 USD
2023-03-31 price RGAGX                              54.66 USD
2023-03-31 price ITOT                              104.15 USD
2023-03-31 price VEA                               129.73 USD
2023-03-31 price VHT                                69.22 USD
2023-03-31 price GLD                               176.47 USD
2023-04-07 price VBMPX                             137.20 USD
2023-04-07 price RGAGX                              54.29 USD
2023-04-07 price ITOT                              105.10 USD
2023-04-07 price VEA                               129.35 USD
2023-04-07 price VHT                                69.75 USD
2023-04-07 price GLD                               176.35 USD
2023-04-14 price VBMPX                             136.31 USD
2023-04-14 price RGAGX                              55.66 USD
2023-04-14 price ITOT                              105.00 USD
2023-04-14 price VEA                               130.84 USD
2023-04-14 price VHT                                70.34 USD
2023-04-14 price GLD                               177.89 USD
2023-04-21 price VBMPX                             139.12 USD
2023-04-21 price RGAGX                              55.40 USD
2023-04-21 price ITOT                              104.52 USD
2023-04-21 price VEA                               131.07 USD
2023-04-21 price VHT                                70.83 USD
2023-04-21 price GLD                               177.17 USD
2023-04-28 price VBMPX                             136.50 USD
2023-04-28 price RGAGX                              54.86 USD
2023-04-28 price ITOT                              104.41 USD
2023-04-28 price VEA                               129.89 USD
2023-04-28 price VHT                                69.63 USD
2023-04-28 price GLD                               176.14 USD
2023-05-05 price VBMPX                             133.19 USD
2023-05-05 price RGAGX                              55.08 USD
2023-05-05 price ITOT                              104.97 USD
2023-05-05 price VEA                               130.08 USD
2023-05-05 price VHT                                69.39 USD
2023-05-05 price GLD                               177.98 USD



* Cash

