;; -*- mode: org; mode: beancount; -*-
;; Birth: 1980-05-12
;; Dates: 2014-01-01 - 2016-05-09
* Options

option "title" "Long Example"
option "operating_currency" "USD"

2016-01-01 custom "fava-option" "show-accounts-with-zero-balance" "False"

2016-01-01 query "fava" "journal"



* Commodities


1792-01-01 commodity USD
  export: "CASH"
  name: "US Dollar"

1900-01-01 commodity VMMXX
  export: "MUTF:VMMXX (MONEY:USD)"

1980-05-12 commodity VACHR
  export: "IGNORE"
  name: "Employer Vacation Hours"

1980-05-12 commodity IRAUSD
  export: "IGNORE"
  name: "US 401k and IRA Contributions"

1995-09-18 commodity VBMPX
  export: "MUTF:VBMPX"
  name: "Vanguard Total Bond Market Index Fund Institutional Plus Shares"
  price: "USD:google/MUTF:VBMPX"

2004-01-20 commodity ITOT
  export: "NYSEARCA:ITOT"
  name: "iShares Core S&P Total U.S. Stock Market ETF"
  price: "USD:google/NYSEARCA:ITOT"

2004-01-26 commodity VHT
  export: "NYSEARCA:VHT"
  name: "Vanguard Health Care ETF"
  price: "USD:google/NYSEARCA:VHT"

2004-11-01 commodity GLD
  export: "NYSEARCA:GLD"
  name: "SPDR Gold Trust (ETF)"
  price: "USD:google/NYSEARCA:GLD"

2007-07-20 commodity VEA
  export: "NYSEARCA:VEA"
  name: "Vanguard FTSE Developed Markets ETF"
  price: "USD:google/NYSEARCA:VEA"

2009-05-01 commodity RGAGX
  export: "MUTF:RGAGX"
  name: "American Funds The Growth Fund of America Class R-6"
  price: "USD:google/MUTF:RGAGX"



* Equity Accounts

1980-05-12 open Equity:Opening-Balances
1980-05-12 open Liabilities:AccountsPayable



* Banking

2014-01-01 open Assets:US:BofA
  address: "123 America Street, LargeTown, USA"
  institution: "Bank of America"
  phone: "+1.012.345.6789"
2014-01-01 open Assets:US:BofA:Checking                        USD
  account: "00234-48574897"

2014-01-01 * "Opening Balance for checking account"
  Assets:US:BofA:Checking                         3453.18 USD
  Equity:Opening-Balances                        -3453.18 USD

2014-01-02 balance Assets:US:BofA:Checking        3453.18 USD

2014-01-04 * "BANK FEES" "Monthly bank fee"
  Assets:US:BofA:Checking                           -4.00 USD
  Expenses:Financial:Fees                            4.00 USD

2014-01-06 * "RiverBank Properties" "Paying the rent"
  Assets:US:BofA:Checking                        -2400.00 USD
  Expenses:Home:Rent                              2400.00 USD

2014-01-09 * "EDISON POWER" ""
  Assets:US:BofA:Checking                          -65.00 USD
  Expenses:Home:Electricity                         65.00 USD

2014-01-19 * "Verizon Wireless" ""
  Assets:US:BofA:Checking                          -85.14 USD
  Expenses:Home:Phone                               85.14 USD
    overage: "12.34 GB"

2014-01-21 balance Assets:US:BofA:Checking        3433.97 USD

2014-01-22 * "Wine-Tarner Cable" ""
  Assets:US:BofA:Checking                          -79.83 USD
  Expenses:Home:Internet                            79.83 USD

2014-02-04 * "BANK FEES" "Monthly bank fee"
  Assets:US:BofA:Checking                           -4.00 USD
  Expenses:Financial:Fees                            4.00 USD

2014-02-04 * "RiverBank Properties" "Paying the rent"
  Assets:US:BofA:Checking                        -2400.00 USD
  Expenses:Home:Rent                              2400.00 USD

2014-02-09 * "EDISON POWER" ""
  Assets:US:BofA:Checking                          -65.00 USD
  Expenses:Home:Electricity                         65.00 USD

2014-02-10 balance Assets:US:BofA:Checking        1564.84 USD

2014-02-18 * "Verizon Wireless" ""
  Assets:US:BofA:Checking                          -57.79 USD
  Expenses:Home:Phone                               57.79 USD

2014-02-23 * "Wine-Tarner Cable" ""
  Assets:US:BofA:Checking                          -80.15 USD
  Expenses:Home:Internet                            80.15 USD

2014-03-03 balance Assets:US:BofA:Checking        4128.10 USD

2014-03-04 * "BANK FEES" "Monthly bank fee"
  Assets:US:BofA:Checking                           -4.00 USD
  Expenses:Financial:Fees                            4.00 USD

2014-03-06 * "RiverBank Properties" "Paying the rent"
  Assets:US:BofA:Checking                        -2400.00 USD
  Expenses:Home:Rent                              2400.00 USD

2014-03-09 * "EDISON POWER" ""
  Assets:US:BofA:Checking                          -65.00 USD
  Expenses:Home:Electricity                         65.00 USD

2014-03-20 * "Verizon Wireless" ""
  Assets:US:BofA:Checking                          -66.18 USD
  Expenses:Home:Phone                               66.18 USD

2014-03-23 * "Wine-Tarner Cable" ""
  Assets:US:BofA:Checking                          -79.92 USD
  Expenses:Home:Internet                            79.92 USD

2014-03-29 balance Assets:US:BofA:Checking        3592.50 USD

2014-04-04 * "BANK FEES" "Monthly bank fee"
  Assets:US:BofA:Checking                           -4.00 USD
  Expenses:Financial:Fees                            4.00 USD

2014-04-04 * "RiverBank Properties" "Paying the rent"
  Assets:US:BofA:Checking                        -2400.00 USD
  Expenses:Home:Rent                              2400.00 USD

2014-04-08 * "EDISON POWER" ""
  Assets:US:BofA:Checking                          -65.00 USD
  Expenses:Home:Electricity                         65.00 USD

2014-04-20 * "Verizon Wireless" ""
  Assets:US:BofA:Checking                          -63.70 USD
  Expenses:Home:Phone                               63.70 USD

2014-04-22 * "Wine-Tarner Cable" ""
  Assets:US:BofA:Checking                          -79.95 USD
  Expenses:Home:Internet                            79.95 USD

2014-04-24 balance Assets:US:BofA:Checking        1615.12 USD

2014-05-04 * "BANK FEES" "Monthly bank fee"
  Assets:US:BofA:Checking                           -4.00 USD
  Expenses:Financial:Fees                            4.00 USD

2014-05-05 * "RiverBank Properties" "Paying the rent"
  Assets:US:BofA:Checking                        -2400.00 USD
  Expenses:Home:Rent                              2400.00 USD

2014-05-09 * "EDISON POWER" ""
  Assets:US:BofA:Checking                          -65.00 USD
  Expenses:Home:Electricity                         65.00 USD

2014-05-19 * "Verizon Wireless" ""
  Assets:US:BofA:Checking                          -58.42 USD
  Expenses:Home:Phone                               58.42 USD

2014-05-21 balance Assets:US:BofA:Checking        1133.37 USD

2014-05-23 * "Wine-Tarner Cable" ""
  Assets:US:BofA:Checking                          -79.97 USD
  Expenses:Home:Internet                            79.97 USD

2014-06-03 * "RiverBank Properties" "Paying the rent"
  Assets:US:BofA:Checking                        -2400.00 USD
  Expenses:Home:Rent                              2400.00 USD

2014-06-04 * "BANK FEES" "Monthly bank fee"
  Assets:US:BofA:Checking                           -4.00 USD
  Expenses:Financial:Fees                            4.00 USD

2014-06-09 * "EDISON POWER" ""
  Assets:US:BofA:Checking                          -65.00 USD
  Expenses:Home:Electricity                         65.00 USD

2014-06-18 balance Assets:US:BofA:Checking         540.40 USD

2014-06-19 * "Verizon Wireless" ""
  Assets:US:BofA:Checking                          -59.88 USD
  Expenses:Home:Phone                               59.88 USD

2014-06-22 * "Wine-Tarner Cable" ""
  Assets:US:BofA:Checking                          -79.82 USD
  Expenses:Home:Internet                            79.82 USD

2014-07-04 * "BANK FEES" "Monthly bank fee"
  Assets:US:BofA:Checking                           -4.00 USD
  Expenses:Financial:Fees                            4.00 USD

2014-07-05 * "RiverBank Properties" "Paying the rent"
  Assets:US:BofA:Checking                        -2400.00 USD
  Expenses:Home:Rent                              2400.00 USD

2014-07-08 balance Assets:US:BofA:Checking         141.18 USD

2014-07-09 * "EDISON POWER" ""
  Assets:US:BofA:Checking                          -65.00 USD
  Expenses:Home:Electricity                         65.00 USD

2014-07-20 * "Verizon Wireless" ""
  Assets:US:BofA:Checking                          -60.42 USD
  Expenses:Home:Phone                               60.42 USD

2014-07-22 * "Wine-Tarner Cable" ""
  Assets:US:BofA:Checking                          -79.98 USD
  Expenses:Home:Internet                            79.98 USD

2014-07-28 balance Assets:US:BofA:Checking        1786.38 USD

2014-08-03 * "RiverBank Properties" "Paying the rent"
  Assets:US:BofA:Checking                        -2400.00 USD
  Expenses:Home:Rent                              2400.00 USD

2014-08-04 * "BANK FEES" "Monthly bank fee"
  Assets:US:BofA:Checking                           -4.00 USD
  Expenses:Financial:Fees                            4.00 USD

2014-08-09 * "EDISON POWER" ""
  Assets:US:BofA:Checking                          -65.00 USD
  Expenses:Home:Electricity                         65.00 USD

2014-08-17 balance Assets:US:BofA:Checking        3716.83 USD

2014-08-19 * "Verizon Wireless" ""
  Assets:US:BofA:Checking                          -54.70 USD
  Expenses:Home:Phone                               54.70 USD

2014-08-21 * "Wine-Tarner Cable" ""
  Assets:US:BofA:Checking                          -80.30 USD
  Expenses:Home:Internet                            80.30 USD

2014-09-03 * "RiverBank Properties" "Paying the rent"
  Assets:US:BofA:Checking                        -2400.00 USD
  Expenses:Home:Rent                              2400.00 USD

2014-09-04 * "BANK FEES" "Monthly bank fee"
  Assets:US:BofA:Checking                           -4.00 USD
  Expenses:Financial:Fees                            4.00 USD

2014-09-09 * "EDISON POWER" ""
  Assets:US:BofA:Checking                          -65.00 USD
  Expenses:Home:Electricity                         65.00 USD

2014-09-12 * "Transfering accumulated savings to other account"
  Assets:US:BofA:Checking                           -5000 USD
  Assets:US:ETrade:Cash                              5000 USD

2014-09-15 balance Assets:US:BofA:Checking         532.47 USD

2014-09-19 * "Verizon Wireless" ""
  Assets:US:BofA:Checking                          -59.31 USD
  Expenses:Home:Phone                               59.31 USD

2014-09-22 * "Wine-Tarner Cable" ""
  Assets:US:BofA:Checking                          -79.88 USD
  Expenses:Home:Internet                            79.88 USD

2014-10-04 * "BANK FEES" "Monthly bank fee"
  Assets:US:BofA:Checking                           -4.00 USD
  Expenses:Financial:Fees                            4.00 USD

2014-10-06 * "RiverBank Properties" "Paying the rent"
  Assets:US:BofA:Checking                        -2400.00 USD
  Expenses:Home:Rent                              2400.00 USD

2014-10-08 * "EDISON POWER" ""
  Assets:US:BofA:Checking                          -65.00 USD
  Expenses:Home:Electricity                         65.00 USD

2014-10-15 balance Assets:US:BofA:Checking        2340.37 USD

2014-10-18 * "Verizon Wireless" ""
  Assets:US:BofA:Checking                          -73.14 USD
  Expenses:Home:Phone                               73.14 USD

2014-10-23 * "Wine-Tarner Cable" ""
  Assets:US:BofA:Checking                          -80.07 USD
  Expenses:Home:Internet                            80.07 USD

2014-11-04 balance Assets:US:BofA:Checking        4737.76 USD

2014-11-04 * "BANK FEES" "Monthly bank fee"
  Assets:US:BofA:Checking                           -4.00 USD
  Expenses:Financial:Fees                            4.00 USD

2014-11-04 * "RiverBank Properties" "Paying the rent"
  Assets:US:BofA:Checking                        -2400.00 USD
  Expenses:Home:Rent                              2400.00 USD

2014-11-07 * "Transfering accumulated savings to other account"
  Assets:US:BofA:Checking                           -3500 USD
  Assets:US:ETrade:Cash                              3500 USD

2014-11-09 * "EDISON POWER" ""
  Assets:US:BofA:Checking                          -65.00 USD
  Expenses:Home:Electricity                         65.00 USD

2014-11-20 * "Verizon Wireless" ""
  Assets:US:BofA:Checking                          -57.55 USD
  Expenses:Home:Phone                               57.55 USD

2014-11-21 * "Wine-Tarner Cable" ""
  Assets:US:BofA:Checking                          -80.06 USD
  Expenses:Home:Internet                            80.06 USD

2014-11-27 balance Assets:US:BofA:Checking        2913.25 USD

2014-12-03 * "RiverBank Properties" "Paying the rent"
  Assets:US:BofA:Checking                        -2400.00 USD
  Expenses:Home:Rent                              2400.00 USD

2014-12-04 * "BANK FEES" "Monthly bank fee"
  Assets:US:BofA:Checking                           -4.00 USD
  Expenses:Financial:Fees                            4.00 USD

2014-12-09 * "EDISON POWER" ""
  Assets:US:BofA:Checking                          -65.00 USD
  Expenses:Home:Electricity                         65.00 USD

2014-12-20 * "Verizon Wireless" ""
  Assets:US:BofA:Checking                          -66.42 USD
  Expenses:Home:Phone                               66.42 USD

2014-12-22 * "Wine-Tarner Cable" ""
  Assets:US:BofA:Checking                          -79.86 USD
  Expenses:Home:Internet                            79.86 USD

2014-12-26 balance Assets:US:BofA:Checking        5086.65 USD

2015-01-04 * "BANK FEES" "Monthly bank fee"
  Assets:US:BofA:Checking                           -4.00 USD
  Expenses:Financial:Fees                            4.00 USD

2015-01-06 * "RiverBank Properties" "Paying the rent"
  Assets:US:BofA:Checking                        -2400.00 USD
  Expenses:Home:Rent                              2400.00 USD

2015-01-08 * "EDISON POWER" ""
  Assets:US:BofA:Checking                          -65.00 USD
  Expenses:Home:Electricity                         65.00 USD

2015-01-16 balance Assets:US:BofA:Checking        4682.98 USD

2015-01-20 * "Verizon Wireless" ""
  Assets:US:BofA:Checking                          -76.54 USD
  Expenses:Home:Phone                               76.54 USD

2015-01-22 * "Wine-Tarner Cable" ""
  Assets:US:BofA:Checking                          -79.91 USD
  Expenses:Home:Internet                            79.91 USD

2015-02-04 * "BANK FEES" "Monthly bank fee"
  Assets:US:BofA:Checking                           -4.00 USD
  Expenses:Financial:Fees                            4.00 USD

2015-02-04 * "RiverBank Properties" "Paying the rent"
  Assets:US:BofA:Checking                        -2400.00 USD
  Expenses:Home:Rent                              2400.00 USD

2015-02-07 balance Assets:US:BofA:Checking        3473.13 USD

2015-02-09 * "EDISON POWER" ""
  Assets:US:BofA:Checking                          -65.00 USD
  Expenses:Home:Electricity                         65.00 USD

2015-02-19 * "Verizon Wireless" ""
  Assets:US:BofA:Checking                          -53.36 USD
  Expenses:Home:Phone                               53.36 USD

2015-02-23 * "Wine-Tarner Cable" ""
  Assets:US:BofA:Checking                          -80.12 USD
  Expenses:Home:Internet                            80.12 USD

2015-02-27 balance Assets:US:BofA:Checking        5715.28 USD

2015-03-04 * "BANK FEES" "Monthly bank fee"
  Assets:US:BofA:Checking                           -4.00 USD
  Expenses:Financial:Fees                            4.00 USD

2015-03-05 * "RiverBank Properties" "Paying the rent"
  Assets:US:BofA:Checking                        -2400.00 USD
  Expenses:Home:Rent                              2400.00 USD

2015-03-09 * "EDISON POWER" ""
  Assets:US:BofA:Checking                          -65.00 USD
  Expenses:Home:Electricity                         65.00 USD

2015-03-20 balance Assets:US:BofA:Checking        4090.22 USD

2015-03-20 * "Verizon Wireless" ""
  Assets:US:BofA:Checking                          -73.83 USD
  Expenses:Home:Phone                               73.83 USD

2015-03-21 * "Wine-Tarner Cable" ""
  Assets:US:BofA:Checking                          -80.04 USD
  Expenses:Home:Internet                            80.04 USD

2015-04-03 * "RiverBank Properties" "Paying the rent"
  Assets:US:BofA:Checking                        -2400.00 USD
  Expenses:Home:Rent                              2400.00 USD

2015-04-04 * "BANK FEES" "Monthly bank fee"
  Assets:US:BofA:Checking                           -4.00 USD
  Expenses:Financial:Fees                            4.00 USD

2015-04-08 * "EDISON POWER" ""
  Assets:US:BofA:Checking                          -65.00 USD
  Expenses:Home:Electricity                         65.00 USD

2015-04-18 balance Assets:US:BofA:Checking        2744.80 USD

2015-04-18 * "Verizon Wireless" ""
  Assets:US:BofA:Checking                          -63.02 USD
  Expenses:Home:Phone                               63.02 USD

2015-04-23 * "Wine-Tarner Cable" ""
  Assets:US:BofA:Checking                          -80.04 USD
  Expenses:Home:Internet                            80.04 USD

2015-05-04 * "BANK FEES" "Monthly bank fee"
  Assets:US:BofA:Checking                           -4.00 USD
  Expenses:Financial:Fees                            4.00 USD

2015-05-05 * "RiverBank Properties" "Paying the rent"
  Assets:US:BofA:Checking                        -2400.00 USD
  Expenses:Home:Rent                              2400.00 USD

2015-05-08 * "EDISON POWER" ""
  Assets:US:BofA:Checking                          -65.00 USD
  Expenses:Home:Electricity                         65.00 USD

2015-05-10 balance Assets:US:BofA:Checking        2833.94 USD

2015-05-19 * "Verizon Wireless" ""
  Assets:US:BofA:Checking                          -54.20 USD
  Expenses:Home:Phone                               54.20 USD

2015-05-21 * "Wine-Tarner Cable" ""
  Assets:US:BofA:Checking                          -80.09 USD
  Expenses:Home:Internet                            80.09 USD

2015-05-30 balance Assets:US:BofA:Checking        3304.92 USD

2015-06-04 * "BANK FEES" "Monthly bank fee"
  Assets:US:BofA:Checking                           -4.00 USD
  Expenses:Financial:Fees                            4.00 USD

2015-06-04 * "RiverBank Properties" "Paying the rent"
  Assets:US:BofA:Checking                        -2400.00 USD
  Expenses:Home:Rent                              2400.00 USD

2015-06-08 * "EDISON POWER" ""
  Assets:US:BofA:Checking                          -65.00 USD
  Expenses:Home:Electricity                         65.00 USD

2015-06-19 * "Verizon Wireless" ""
  Assets:US:BofA:Checking                          -61.25 USD
  Expenses:Home:Phone                               61.25 USD

2015-06-22 * "Wine-Tarner Cable" ""
  Assets:US:BofA:Checking                          -80.09 USD
  Expenses:Home:Internet                            80.09 USD

2015-06-24 balance Assets:US:BofA:Checking        2599.91 USD

2015-07-03 * "RiverBank Properties" "Paying the rent"
  Assets:US:BofA:Checking                        -2400.00 USD
  Expenses:Home:Rent                              2400.00 USD

2015-07-04 * "BANK FEES" "Monthly bank fee"
  Assets:US:BofA:Checking                           -4.00 USD
  Expenses:Financial:Fees                            4.00 USD

2015-07-09 * "EDISON POWER" ""
  Assets:US:BofA:Checking                          -65.00 USD
  Expenses:Home:Electricity                         65.00 USD

2015-07-20 * "Verizon Wireless" ""
  Assets:US:BofA:Checking                          -44.36 USD
  Expenses:Home:Phone                               44.36 USD

2015-07-22 * "Wine-Tarner Cable" ""
  Assets:US:BofA:Checking                          -79.91 USD
  Expenses:Home:Internet                            79.91 USD

2015-07-23 balance Assets:US:BofA:Checking        2324.17 USD

2015-08-03 * "RiverBank Properties" "Paying the rent"
  Assets:US:BofA:Checking                        -2400.00 USD
  Expenses:Home:Rent                              2400.00 USD

2015-08-04 * "BANK FEES" "Monthly bank fee"
  Assets:US:BofA:Checking                           -4.00 USD
  Expenses:Financial:Fees                            4.00 USD

2015-08-09 * "EDISON POWER" ""
  Assets:US:BofA:Checking                          -65.00 USD
  Expenses:Home:Electricity                         65.00 USD

2015-08-14 * "Transfering accumulated savings to other account"
  Assets:US:BofA:Checking                           -3500 USD
  Assets:US:ETrade:Cash                              3500 USD

2015-08-17 balance Assets:US:BofA:Checking        1108.22 USD

2015-08-19 * "Verizon Wireless" ""
  Assets:US:BofA:Checking                          -68.14 USD
  Expenses:Home:Phone                               68.14 USD

2015-08-21 * "Wine-Tarner Cable" ""
  Assets:US:BofA:Checking                          -80.07 USD
  Expenses:Home:Internet                            80.07 USD

2015-09-04 * "BANK FEES" "Monthly bank fee"
  Assets:US:BofA:Checking                           -4.00 USD
  Expenses:Financial:Fees                            4.00 USD

2015-09-04 * "RiverBank Properties" "Paying the rent"
  Assets:US:BofA:Checking                        -2400.00 USD
  Expenses:Home:Rent                              2400.00 USD

2015-09-09 * "EDISON POWER" ""
  Assets:US:BofA:Checking                          -65.00 USD
  Expenses:Home:Electricity                         65.00 USD

2015-09-12 balance Assets:US:BofA:Checking        2858.74 USD

2015-09-19 * "Verizon Wireless" ""
  Assets:US:BofA:Checking                          -48.99 USD
  Expenses:Home:Phone                               48.99 USD

2015-09-22 * "Wine-Tarner Cable" ""
  Assets:US:BofA:Checking                          -80.02 USD
  Expenses:Home:Internet                            80.02 USD

2015-10-04 * "BANK FEES" "Monthly bank fee"
  Assets:US:BofA:Checking                           -4.00 USD
  Expenses:Financial:Fees                            4.00 USD

2015-10-04 * "RiverBank Properties" "Paying the rent"
  Assets:US:BofA:Checking                        -2400.00 USD
  Expenses:Home:Rent                              2400.00 USD

2015-10-08 * "EDISON POWER" ""
  Assets:US:BofA:Checking                          -65.00 USD
  Expenses:Home:Electricity                         65.00 USD

2015-10-09 balance Assets:US:BofA:Checking        5361.93 USD

2015-10-09 * "Transfering accumulated savings to other account"
  Assets:US:BofA:Checking                           -4000 USD
  Assets:US:ETrade:Cash                              4000 USD

2015-10-18 * "Verizon Wireless" ""
  Assets:US:BofA:Checking                          -65.28 USD
  Expenses:Home:Phone                               65.28 USD

2015-10-21 * "Wine-Tarner Cable" ""
  Assets:US:BofA:Checking                          -79.95 USD
  Expenses:Home:Internet                            79.95 USD

2015-11-03 balance Assets:US:BofA:Checking        3031.85 USD

2015-11-04 * "BANK FEES" "Monthly bank fee"
  Assets:US:BofA:Checking                           -4.00 USD
  Expenses:Financial:Fees                            4.00 USD

2015-11-04 * "RiverBank Properties" "Paying the rent"
  Assets:US:BofA:Checking                        -2400.00 USD
  Expenses:Home:Rent                              2400.00 USD

2015-11-09 * "EDISON POWER" ""
  Assets:US:BofA:Checking                          -65.00 USD
  Expenses:Home:Electricity                         65.00 USD

2015-11-19 * "Verizon Wireless" ""
  Assets:US:BofA:Checking                          -86.70 USD
  Expenses:Home:Phone                               86.70 USD

2015-11-20 * "Transfering accumulated savings to other account"
  Assets:US:BofA:Checking                           -4000 USD
  Assets:US:ETrade:Cash                              4000 USD

2015-11-23 * "Wine-Tarner Cable" ""
  Assets:US:BofA:Checking                          -79.99 USD
  Expenses:Home:Internet                            79.99 USD

2015-12-03 balance Assets:US:BofA:Checking        1033.61 USD

2015-12-04 * "BANK FEES" "Monthly bank fee"
  Assets:US:BofA:Checking                           -4.00 USD
  Expenses:Financial:Fees                            4.00 USD

2015-12-06 * "RiverBank Properties" "Paying the rent"
  Assets:US:BofA:Checking                        -2400.00 USD
  Expenses:Home:Rent                              2400.00 USD

2015-12-08 * "EDISON POWER" ""
  Assets:US:BofA:Checking                          -65.00 USD
  Expenses:Home:Electricity                         65.00 USD

2015-12-19 * "Verizon Wireless" ""
  Assets:US:BofA:Checking                          -48.75 USD
  Expenses:Home:Phone                               48.75 USD

2015-12-23 * "Wine-Tarner Cable" ""
  Assets:US:BofA:Checking                          -79.82 USD
  Expenses:Home:Internet                            79.82 USD

2015-12-24 balance Assets:US:BofA:Checking        3068.27 USD

2016-01-04 * "BANK FEES" "Monthly bank fee"
  Assets:US:BofA:Checking                           -4.00 USD
  Expenses:Financial:Fees                            4.00 USD

2016-01-04 * "RiverBank Properties" "Paying the rent"
  Assets:US:BofA:Checking                        -2400.00 USD
  Expenses:Home:Rent                              2400.00 USD

2016-01-09 * "EDISON POWER" ""
  Assets:US:BofA:Checking                          -65.00 USD
  Expenses:Home:Electricity                         65.00 USD

2016-01-15 balance Assets:US:BofA:Checking        4172.05 USD

2016-01-20 * "Verizon Wireless" ""
  Assets:US:BofA:Checking                          -61.77 USD
  Expenses:Home:Phone                               61.77 USD

2016-01-23 * "Wine-Tarner Cable" ""
  Assets:US:BofA:Checking                          -80.04 USD
  Expenses:Home:Internet                            80.04 USD

2016-02-04 * "BANK FEES" "Monthly bank fee"
  Assets:US:BofA:Checking                           -4.00 USD
  Expenses:Financial:Fees                            4.00 USD

2016-02-05 * "RiverBank Properties" "Paying the rent"
  Assets:US:BofA:Checking                        -2400.00 USD
  Expenses:Home:Rent                              2400.00 USD

2016-02-09 * "EDISON POWER" ""
  Assets:US:BofA:Checking                          -65.00 USD
  Expenses:Home:Electricity                         65.00 USD

2016-02-14 balance Assets:US:BofA:Checking        3626.28 USD

2016-02-18 * "Verizon Wireless" ""
  Assets:US:BofA:Checking                          -65.22 USD
  Expenses:Home:Phone                               65.22 USD

2016-02-23 * "Wine-Tarner Cable" ""
  Assets:US:BofA:Checking                          -80.07 USD
  Expenses:Home:Internet                            80.07 USD

2016-03-04 * "BANK FEES" "Monthly bank fee"
  Assets:US:BofA:Checking                           -4.00 USD
  Expenses:Financial:Fees                            4.00 USD

2016-03-06 * "RiverBank Properties" "Paying the rent"
  Assets:US:BofA:Checking                        -2400.00 USD
  Expenses:Home:Rent                              2400.00 USD

2016-03-08 * "EDISON POWER" ""
  Assets:US:BofA:Checking                          -65.00 USD
  Expenses:Home:Electricity                         65.00 USD

2016-03-11 balance Assets:US:BofA:Checking        3148.00 USD

2016-03-18 * "Verizon Wireless" ""
  Assets:US:BofA:Checking                          -71.26 USD
  Expenses:Home:Phone                               71.26 USD

2016-03-21 * "Wine-Tarner Cable" ""
  Assets:US:BofA:Checking                          -79.98 USD
  Expenses:Home:Internet                            79.98 USD

2016-04-02 balance Assets:US:BofA:Checking        3665.76 USD

2016-04-04 * "BANK FEES" "Monthly bank fee"
  Assets:US:BofA:Checking                           -4.00 USD
  Expenses:Financial:Fees                            4.00 USD

2016-04-06 * "RiverBank Properties" "Paying the rent"
  Assets:US:BofA:Checking                        -2400.00 USD
  Expenses:Home:Rent                              2400.00 USD

2016-04-09 * "EDISON POWER" ""
  Assets:US:BofA:Checking                          -65.00 USD
  Expenses:Home:Electricity                         65.00 USD

2016-04-20 * "Verizon Wireless" ""
  Assets:US:BofA:Checking                          -64.67 USD
  Expenses:Home:Phone                               64.67 USD

2016-04-21 * "Wine-Tarner Cable" ""
  Assets:US:BofA:Checking                          -80.00 USD
  Expenses:Home:Internet                            80.00 USD

2016-04-22 * "Transfering accumulated savings to other account"
  Assets:US:BofA:Checking                           -3000 USD
  Assets:US:ETrade:Cash                              3000 USD

2016-04-25 balance Assets:US:BofA:Checking         286.19 USD

2016-05-04 * "BANK FEES" "Monthly bank fee"
  Assets:US:BofA:Checking                           -4.00 USD
  Expenses:Financial:Fees                            4.00 USD



* Credit-Cards

1980-05-12 open Liabilities:US:Chase:Slate                      USD
    fava-uptodate-indication: TRUE

2014-01-04 * "Kin Soy" "Eating out with Joe"
  Liabilities:US:Chase:Slate                       -38.48 USD
  Expenses:Food:Restaurant                          38.48 USD

2014-01-08 * "Chichipotle" "Eating out with Joe"
  Liabilities:US:Chase:Slate                       -23.57 USD
  Expenses:Food:Restaurant                          23.57 USD

2014-01-10 * "Corner Deli" "Buying groceries"
  Liabilities:US:Chase:Slate                       -73.28 USD
  Expenses:Food:Groceries                           73.28 USD

2014-01-11 * "Goba Goba" "Eating out with Joe"
  Liabilities:US:Chase:Slate                       -30.94 USD
  Expenses:Food:Restaurant                          30.94 USD

2014-01-11 * "Chase:Slate" "Paying off credit card"
  Liabilities:US:Chase:Slate                       166.27 USD
  Assets:US:BofA:Checking                         -166.27 USD

2014-01-12 * "China Garden" "Eating out after work"
  Liabilities:US:Chase:Slate                       -24.94 USD
  Expenses:Food:Restaurant                          24.94 USD

2014-01-14 * "Goba Goba" "Eating out with Natasha"
  Liabilities:US:Chase:Slate                       -34.92 USD
  Expenses:Food:Restaurant                          34.92 USD

2014-01-15 * "Goba Goba" "Eating out with Natasha"
  Liabilities:US:Chase:Slate                       -37.13 USD
  Expenses:Food:Restaurant                          37.13 USD

2014-01-16 * "Goba Goba" "Eating out with Natasha"
  Liabilities:US:Chase:Slate                       -22.21 USD
  Expenses:Food:Restaurant                          22.21 USD

2014-01-19 * "Goba Goba" "Eating out "
  Liabilities:US:Chase:Slate                       -31.71 USD
  Expenses:Food:Restaurant                          31.71 USD

2014-01-21 * "Good Moods Market" "Buying groceries"
  Liabilities:US:Chase:Slate                       -60.79 USD
  Expenses:Food:Groceries                           60.79 USD

2014-01-23 * "Jewel of Morroco" "Eating out with Bill"
  Liabilities:US:Chase:Slate                       -22.64 USD
  Expenses:Food:Restaurant                          22.64 USD

2014-01-25 * "Uncle Boons" "Eating out alone"
  Liabilities:US:Chase:Slate                       -48.63 USD
  Expenses:Food:Restaurant                          48.63 USD

2014-01-28 * "Metro Transport Authority" "Tram tickets"
  Liabilities:US:Chase:Slate                      -120.00 USD
  Expenses:Transport:Tram                          120.00 USD

2014-01-29 * "Chichipotle" "Eating out alone"
  Liabilities:US:Chase:Slate                       -23.39 USD
  Expenses:Food:Restaurant                          23.39 USD

2014-01-30 balance Liabilities:US:Chase:Slate     -426.36 USD

2014-01-30 * "Chichipotle" "Eating out with Julie"
  Liabilities:US:Chase:Slate                       -38.56 USD
  Expenses:Food:Restaurant                          38.56 USD

2014-02-01 * "Uncle Boons" "Eating out alone"
  Liabilities:US:Chase:Slate                       -25.26 USD
  Expenses:Food:Restaurant                          25.26 USD

2014-02-06 * "Goba Goba" "Eating out with Bill"
  Liabilities:US:Chase:Slate                       -45.93 USD
  Expenses:Food:Restaurant                          45.93 USD

2014-02-06 * "Corner Deli" "Buying groceries"
  Liabilities:US:Chase:Slate                      -109.36 USD
  Expenses:Food:Groceries                          109.36 USD

2014-02-09 * "Chase:Slate" "Paying off credit card"
  Liabilities:US:Chase:Slate                       670.90 USD
  Assets:US:BofA:Checking                         -670.90 USD

2014-02-10 * "China Garden" "Eating out "
  Liabilities:US:Chase:Slate                       -25.43 USD
  Expenses:Food:Restaurant                          25.43 USD

2014-02-15 * "Goba Goba" "Eating out with Natasha"
  Liabilities:US:Chase:Slate                       -34.65 USD
  Expenses:Food:Restaurant                          34.65 USD

2014-02-17 * "Jewel of Morroco" "Eating out after work"
  Liabilities:US:Chase:Slate                       -53.61 USD
  Expenses:Food:Restaurant                          53.61 USD

2014-02-20 * "Jewel of Morroco" "Eating out with Julie"
  Liabilities:US:Chase:Slate                       -34.92 USD
  Expenses:Food:Restaurant                          34.92 USD

2014-02-22 balance Liabilities:US:Chase:Slate     -123.18 USD

2014-02-22 * "Onion Market" "Buying groceries"
  Liabilities:US:Chase:Slate                       -71.93 USD
  Expenses:Food:Groceries                           71.93 USD

2014-02-24 * "Metro Transport Authority" "Tram tickets"
  Liabilities:US:Chase:Slate                      -120.00 USD
  Expenses:Transport:Tram                          120.00 USD

2014-02-25 * "Cafe Modagor" "Eating out alone"
  Liabilities:US:Chase:Slate                       -47.22 USD
  Expenses:Food:Restaurant                          47.22 USD

2014-02-28 * "Kin Soy" "Eating out with Julie"
  Liabilities:US:Chase:Slate                       -20.33 USD
  Expenses:Food:Restaurant                          20.33 USD

2014-03-02 * "China Garden" "Eating out with Natasha"
  Liabilities:US:Chase:Slate                       -51.47 USD
  Expenses:Food:Restaurant                          51.47 USD

2014-03-03 * "Corner Deli" "Buying groceries"
  Liabilities:US:Chase:Slate                      -110.92 USD
  Expenses:Food:Groceries                          110.92 USD

2014-03-06 * "Goba Goba" "Eating out with Joe"
  Liabilities:US:Chase:Slate                       -28.71 USD
  Expenses:Food:Restaurant                          28.71 USD

2014-03-07 * "Jewel of Morroco" "Eating out after work"
  Liabilities:US:Chase:Slate                       -22.72 USD
  Expenses:Food:Restaurant                          22.72 USD

2014-03-10 * "Chichipotle" "Eating out with work buddies"
  Liabilities:US:Chase:Slate                       -25.22 USD
  Expenses:Food:Restaurant                          25.22 USD

2014-03-10 * "Chase:Slate" "Paying off credit card"
  Liabilities:US:Chase:Slate                       621.70 USD
  Assets:US:BofA:Checking                         -621.70 USD

2014-03-15 * "China Garden" "Eating out alone"
  Liabilities:US:Chase:Slate                       -28.60 USD
  Expenses:Food:Restaurant                          28.60 USD

2014-03-16 * "Jewel of Morroco" "Eating out with work buddies"
  Liabilities:US:Chase:Slate                       -44.21 USD
  Expenses:Food:Restaurant                          44.21 USD

2014-03-20 balance Liabilities:US:Chase:Slate      -72.81 USD

2014-03-20 * "Cafe Modagor" "Eating out after work"
  Liabilities:US:Chase:Slate                       -35.37 USD
  Expenses:Food:Restaurant                          35.37 USD

2014-03-22 * "Chichipotle" "Eating out with Natasha"
  Liabilities:US:Chase:Slate                       -13.53 USD
  Expenses:Food:Restaurant                          13.53 USD

2014-03-23 * "Rose Flower" "Eating out with Natasha"
  Liabilities:US:Chase:Slate                       -25.84 USD
  Expenses:Food:Restaurant                          25.84 USD

2014-03-23 * "Corner Deli" "Buying groceries"
  Liabilities:US:Chase:Slate                       -79.10 USD
  Expenses:Food:Groceries                           79.10 USD

2014-03-24 * "China Garden" "Eating out with Bill"
  Liabilities:US:Chase:Slate                       -59.44 USD
  Expenses:Food:Restaurant                          59.44 USD

2014-03-24 * "Metro Transport Authority" "Tram tickets"
  Liabilities:US:Chase:Slate                      -120.00 USD
  Expenses:Transport:Tram                          120.00 USD

2014-03-29 * "China Garden" "Eating out with Julie"
  Liabilities:US:Chase:Slate                       -29.80 USD
  Expenses:Food:Restaurant                          29.80 USD

2014-04-01 * "China Garden" "Eating out with Julie"
  Liabilities:US:Chase:Slate                       -22.68 USD
  Expenses:Food:Restaurant                          22.68 USD

2014-04-02 * "Chichipotle" "Eating out "
  Liabilities:US:Chase:Slate                       -35.21 USD
  Expenses:Food:Restaurant                          35.21 USD

2014-04-03 * "Onion Market" "Buying groceries"
  Liabilities:US:Chase:Slate                       -93.49 USD
  Expenses:Food:Groceries                           93.49 USD

2014-04-05 * "Goba Goba" "Eating out with Joe"
  Liabilities:US:Chase:Slate                       -56.29 USD
  Expenses:Food:Restaurant                          56.29 USD

2014-04-10 * "Chichipotle" "Eating out with work buddies"
  Liabilities:US:Chase:Slate                       -45.53 USD
  Expenses:Food:Restaurant                          45.53 USD

2014-04-11 * "Chase:Slate" "Paying off credit card"
  Liabilities:US:Chase:Slate                       715.33 USD
  Assets:US:BofA:Checking                         -715.33 USD

2014-04-12 balance Liabilities:US:Chase:Slate       26.24 USD

2014-04-14 * "Uncle Boons" "Eating out "
  Liabilities:US:Chase:Slate                       -26.24 USD
  Expenses:Food:Restaurant                          26.24 USD

2014-04-14 * "Good Moods Market" "Buying groceries"
  Liabilities:US:Chase:Slate                       -53.01 USD
  Expenses:Food:Groceries                           53.01 USD

2014-04-17 * "Chichipotle" "Eating out "
  Liabilities:US:Chase:Slate                       -37.28 USD
  Expenses:Food:Restaurant                          37.28 USD

2014-04-20 * "Metro Transport Authority" "Tram tickets"
  Liabilities:US:Chase:Slate                      -120.00 USD
  Expenses:Transport:Tram                          120.00 USD

2014-04-21 * "Kin Soy" "Eating out after work"
  Liabilities:US:Chase:Slate                       -47.24 USD
  Expenses:Food:Restaurant                          47.24 USD

2014-04-23 * "Jewel of Morroco" "Eating out after work"
  Liabilities:US:Chase:Slate                       -23.26 USD
  Expenses:Food:Restaurant                          23.26 USD

2014-04-26 * "Jewel of Morroco" "Eating out after work"
  Liabilities:US:Chase:Slate                       -28.42 USD
  Expenses:Food:Restaurant                          28.42 USD

2014-04-27 * "Corner Deli" "Buying groceries"
  Liabilities:US:Chase:Slate                       -62.03 USD
  Expenses:Food:Groceries                           62.03 USD

2014-05-01 * "Jewel of Morroco" "Eating out with Natasha"
  Liabilities:US:Chase:Slate                       -55.22 USD
  Expenses:Food:Restaurant                          55.22 USD

2014-05-03 * "Kin Soy" "Eating out with Julie"
  Liabilities:US:Chase:Slate                       -24.48 USD
  Expenses:Food:Restaurant                          24.48 USD

2014-05-05 balance Liabilities:US:Chase:Slate     -450.94 USD

2014-05-07 * "Rose Flower" "Eating out after work"
  Liabilities:US:Chase:Slate                       -28.01 USD
  Expenses:Food:Restaurant                          28.01 USD

2014-05-09 * "China Garden" "Eating out "
  Liabilities:US:Chase:Slate                       -19.92 USD
  Expenses:Food:Restaurant                          19.92 USD

2014-05-09 * "Corner Deli" "Buying groceries"
  Liabilities:US:Chase:Slate                      -133.58 USD
  Expenses:Food:Groceries                          133.58 USD

2014-05-10 * "Chase:Slate" "Paying off credit card"
  Liabilities:US:Chase:Slate                       655.53 USD
  Assets:US:BofA:Checking                         -655.53 USD

2014-05-11 * "Cafe Modagor" "Eating out alone"
  Liabilities:US:Chase:Slate                       -23.08 USD
  Expenses:Food:Restaurant                          23.08 USD

2014-05-15 * "Onion Market" "Buying groceries"
  Liabilities:US:Chase:Slate                       -65.62 USD
  Expenses:Food:Groceries                           65.62 USD

2014-05-16 * "Rose Flower" "Eating out "
  Liabilities:US:Chase:Slate                       -20.00 USD
  Expenses:Food:Restaurant                          20.00 USD

2014-05-21 * "Cafe Modagor" "Eating out alone"
  Liabilities:US:Chase:Slate                       -17.33 USD
  Expenses:Food:Restaurant                          17.33 USD

2014-05-22 * "Corner Deli" "Buying groceries"
  Liabilities:US:Chase:Slate                       -56.24 USD
  Expenses:Food:Groceries                           56.24 USD

2014-05-23 * "Kin Soy" "Eating out with work buddies"
  Liabilities:US:Chase:Slate                       -24.39 USD
  Expenses:Food:Restaurant                          24.39 USD

2014-05-23 * "Metro Transport Authority" "Tram tickets"
  Liabilities:US:Chase:Slate                      -120.00 USD
  Expenses:Transport:Tram                          120.00 USD

2014-05-25 * "Rose Flower" "Eating out alone"
  Liabilities:US:Chase:Slate                       -53.87 USD
  Expenses:Food:Restaurant                          53.87 USD

2014-05-26 * "Jewel of Morroco" "Eating out with Bill"
  Liabilities:US:Chase:Slate                       -17.95 USD
  Expenses:Food:Restaurant                          17.95 USD

2014-05-28 * "Rose Flower" "Eating out with Joe"
  Liabilities:US:Chase:Slate                       -11.08 USD
  Expenses:Food:Restaurant                          11.08 USD

2014-06-01 balance Liabilities:US:Chase:Slate     -386.48 USD

2014-06-01 * "Onion Market" "Buying groceries"
  Liabilities:US:Chase:Slate                      -132.47 USD
  Expenses:Food:Groceries                          132.47 USD

2014-06-02 * "Goba Goba" "Eating out with Bill"
  Liabilities:US:Chase:Slate                       -27.04 USD
  Expenses:Food:Restaurant                          27.04 USD

2014-06-06 * "Cafe Modagor" "Eating out with Natasha"
  Liabilities:US:Chase:Slate                       -61.59 USD
  Expenses:Food:Restaurant                          61.59 USD

2014-06-08 * "Jewel of Morroco" "Eating out "
  Liabilities:US:Chase:Slate                       -21.93 USD
  Expenses:Food:Restaurant                          21.93 USD

2014-06-09 * "Chase:Slate" "Paying off credit card"
  Liabilities:US:Chase:Slate                       745.20 USD
  Assets:US:BofA:Checking                         -745.20 USD

2014-06-11 * "Farmer Fresh" "Buying groceries"
  Liabilities:US:Chase:Slate                      -115.69 USD
  Expenses:Food:Groceries                          115.69 USD

2014-06-13 * "Goba Goba" "Eating out with Joe"
  Liabilities:US:Chase:Slate                       -61.93 USD
  Expenses:Food:Restaurant                          61.93 USD

2014-06-16 * "Jewel of Morroco" "Eating out with Bill"
  Liabilities:US:Chase:Slate                       -34.40 USD
  Expenses:Food:Restaurant                          34.40 USD

2014-06-20 * "Good Moods Market" "Buying groceries"
  Liabilities:US:Chase:Slate                       -91.72 USD
  Expenses:Food:Groceries                           91.72 USD

2014-06-21 * "Goba Goba" "Eating out with Bill"
  Liabilities:US:Chase:Slate                       -56.66 USD
  Expenses:Food:Restaurant                          56.66 USD

2014-06-23 * "Metro Transport Authority" "Tram tickets"
  Liabilities:US:Chase:Slate                      -120.00 USD
  Expenses:Transport:Tram                          120.00 USD

2014-06-26 * "Kin Soy" "Eating out "
  Liabilities:US:Chase:Slate                       -12.17 USD
  Expenses:Food:Restaurant                          12.17 USD

2014-06-28 * "Good Moods Market" "Buying groceries"
  Liabilities:US:Chase:Slate                       -76.27 USD
  Expenses:Food:Groceries                           76.27 USD

2014-06-29 * "Cafe Modagor" "Eating out alone"
  Liabilities:US:Chase:Slate                       -20.98 USD
  Expenses:Food:Restaurant                          20.98 USD

2014-06-30 balance Liabilities:US:Chase:Slate     -474.13 USD

2014-07-04 * "Uncle Boons" "Eating out with Julie"
  Liabilities:US:Chase:Slate                       -23.74 USD
  Expenses:Food:Restaurant                          23.74 USD

2014-07-05 * "Chichipotle" "Eating out with Julie"
  Liabilities:US:Chase:Slate                       -29.39 USD
  Expenses:Food:Restaurant                          29.39 USD

2014-07-07 * "Chase:Slate" "Paying off credit card"
  Liabilities:US:Chase:Slate                       556.72 USD
  Assets:US:BofA:Checking                         -556.72 USD

2014-07-10 * "Kin Soy" "Eating out with Bill"
  Liabilities:US:Chase:Slate                       -29.46 USD
  Expenses:Food:Restaurant                          29.46 USD

2014-07-12 * "Uncle Boons" "Eating out with Bill"
  Liabilities:US:Chase:Slate                       -26.46 USD
  Expenses:Food:Restaurant                          26.46 USD

2014-07-15 * "Goba Goba" "Eating out "
  Liabilities:US:Chase:Slate                       -41.58 USD
  Expenses:Food:Restaurant                          41.58 USD

2014-07-18 * "Corner Deli" "Buying groceries"
  Liabilities:US:Chase:Slate                      -101.28 USD
  Expenses:Food:Groceries                          101.28 USD

2014-07-20 * "Cafe Modagor" "Eating out "
  Liabilities:US:Chase:Slate                       -50.32 USD
  Expenses:Food:Restaurant                          50.32 USD

2014-07-22 balance Liabilities:US:Chase:Slate     -219.64 USD

2014-07-23 * "Chichipotle" "Eating out after work"
  Liabilities:US:Chase:Slate                       -31.00 USD
  Expenses:Food:Restaurant                          31.00 USD

2014-07-26 * "Chichipotle" "Eating out after work"
  Liabilities:US:Chase:Slate                       -22.12 USD
  Expenses:Food:Restaurant                          22.12 USD

2014-07-26 * "Metro Transport Authority" "Tram tickets"
  Liabilities:US:Chase:Slate                      -120.00 USD
  Expenses:Transport:Tram                          120.00 USD

2014-07-27 * "Uncle Boons" "Eating out with Julie"
  Liabilities:US:Chase:Slate                       -18.69 USD
  Expenses:Food:Restaurant                          18.69 USD

2014-07-28 * "Chichipotle" "Eating out with Bill"
  Liabilities:US:Chase:Slate                       -21.14 USD
  Expenses:Food:Restaurant                          21.14 USD

2014-07-29 * "Cafe Modagor" "Eating out "
  Liabilities:US:Chase:Slate                        -8.01 USD
  Expenses:Food:Restaurant                           8.01 USD

2014-07-31 * "Good Moods Market" "Buying groceries"
  Liabilities:US:Chase:Slate                       -77.94 USD
  Expenses:Food:Groceries                           77.94 USD

2014-08-01 * "Rose Flower" "Eating out after work"
  Liabilities:US:Chase:Slate                       -53.08 USD
  Expenses:Food:Restaurant                          53.08 USD

2014-08-05 * "Uncle Boons" "Eating out with Julie"
  Liabilities:US:Chase:Slate                       -21.16 USD
  Expenses:Food:Restaurant                          21.16 USD

2014-08-06 * "Rose Flower" "Eating out after work"
  Liabilities:US:Chase:Slate                       -51.80 USD
  Expenses:Food:Restaurant                          51.80 USD

2014-08-07 * "Kin Soy" "Eating out with work buddies"
  Liabilities:US:Chase:Slate                       -24.24 USD
  Expenses:Food:Restaurant                          24.24 USD

2014-08-09 * "Chase:Slate" "Paying off credit card"
  Liabilities:US:Chase:Slate                       701.75 USD
  Assets:US:BofA:Checking                         -701.75 USD

2014-08-11 * "Cafe Modagor" "Eating out with Joe"
  Liabilities:US:Chase:Slate                       -32.93 USD
  Expenses:Food:Restaurant                          32.93 USD

2014-08-15 * "Onion Market" "Buying groceries"
  Liabilities:US:Chase:Slate                       -84.02 USD
  Expenses:Food:Groceries                           84.02 USD

2014-08-16 balance Liabilities:US:Chase:Slate      -84.02 USD

2014-08-16 * "China Garden" "Eating out with Julie"
  Liabilities:US:Chase:Slate                       -19.86 USD
  Expenses:Food:Restaurant                          19.86 USD

2014-08-17 * "Chichipotle" "Eating out with work buddies"
  Liabilities:US:Chase:Slate                       -25.65 USD
  Expenses:Food:Restaurant                          25.65 USD

2014-08-18 * "Goba Goba" "Eating out with work buddies"
  Liabilities:US:Chase:Slate                       -41.89 USD
  Expenses:Food:Restaurant                          41.89 USD

2014-08-19 * "Uncle Boons" "Eating out with Joe"
  Liabilities:US:Chase:Slate                       -31.61 USD
  Expenses:Food:Restaurant                          31.61 USD

2014-08-23 * "China Garden" "Eating out alone"
  Liabilities:US:Chase:Slate                       -45.33 USD
  Expenses:Food:Restaurant                          45.33 USD

2014-08-23 * "Metro Transport Authority" "Tram tickets"
  Liabilities:US:Chase:Slate                      -120.00 USD
  Expenses:Transport:Tram                          120.00 USD

2014-08-25 * "Corner Deli" "Buying groceries"
  Liabilities:US:Chase:Slate                       -62.89 USD
  Expenses:Food:Groceries                           62.89 USD

2014-08-28 * "Kin Soy" "Eating out alone"
  Liabilities:US:Chase:Slate                       -39.51 USD
  Expenses:Food:Restaurant                          39.51 USD

2014-08-29 * "Cafe Modagor" "Eating out with Julie"
  Liabilities:US:Chase:Slate                       -34.92 USD
  Expenses:Food:Restaurant                          34.92 USD

2014-09-02 * "Rose Flower" "Eating out with Julie"
  Liabilities:US:Chase:Slate                       -33.70 USD
  Expenses:Food:Restaurant                          33.70 USD

2014-09-03 * "Rose Flower" "Eating out with Bill"
  Liabilities:US:Chase:Slate                       -19.77 USD
  Expenses:Food:Restaurant                          19.77 USD

2014-09-05 balance Liabilities:US:Chase:Slate     -559.15 USD

2014-09-07 * "Chichipotle" "Eating out after work"
  Liabilities:US:Chase:Slate                       -24.16 USD
  Expenses:Food:Restaurant                          24.16 USD

2014-09-08 * "Good Moods Market" "Buying groceries"
  Liabilities:US:Chase:Slate                       -74.35 USD
  Expenses:Food:Groceries                           74.35 USD

2014-09-10 * "Chase:Slate" "Paying off credit card"
  Liabilities:US:Chase:Slate                       681.56 USD
  Assets:US:BofA:Checking                         -681.56 USD

2014-09-11 * "China Garden" "Eating out with Bill"
  Liabilities:US:Chase:Slate                       -23.90 USD
  Expenses:Food:Restaurant                          23.90 USD

2014-09-12 * "Uncle Boons" "Eating out after work"
  Liabilities:US:Chase:Slate                       -33.93 USD
  Expenses:Food:Restaurant                          33.93 USD

2014-09-15 * "China Garden" "Eating out with Natasha"
  Liabilities:US:Chase:Slate                       -40.47 USD
  Expenses:Food:Restaurant                          40.47 USD

2014-09-16 * "Goba Goba" "Eating out with Joe"
  Liabilities:US:Chase:Slate                       -26.46 USD
  Expenses:Food:Restaurant                          26.46 USD

2014-09-19 * "China Garden" "Eating out alone"
  Liabilities:US:Chase:Slate                       -51.75 USD
  Expenses:Food:Restaurant                          51.75 USD

2014-09-21 * "Onion Market" "Buying groceries"
  Liabilities:US:Chase:Slate                       -66.34 USD
  Expenses:Food:Groceries                           66.34 USD

2014-09-22 * "Cafe Modagor" "Eating out alone"
  Liabilities:US:Chase:Slate                       -37.80 USD
  Expenses:Food:Restaurant                          37.80 USD

2014-09-22 * "Metro Transport Authority" "Tram tickets"
  Liabilities:US:Chase:Slate                      -120.00 USD
  Expenses:Transport:Tram                          120.00 USD

2014-09-27 balance Liabilities:US:Chase:Slate     -376.75 USD

2014-09-27 * "Goba Goba" "Eating out with Joe"
  Liabilities:US:Chase:Slate                       -15.80 USD
  Expenses:Food:Restaurant                          15.80 USD

2014-10-01 * "Chichipotle" "Eating out after work"
  Liabilities:US:Chase:Slate                       -29.84 USD
  Expenses:Food:Restaurant                          29.84 USD

2014-10-02 * "Chichipotle" "Eating out with Julie"
  Liabilities:US:Chase:Slate                       -55.18 USD
  Expenses:Food:Restaurant                          55.18 USD

2014-10-02 * "Onion Market" "Buying groceries"
  Liabilities:US:Chase:Slate                       -50.19 USD
  Expenses:Food:Groceries                           50.19 USD

2014-10-04 * "Jewel of Morroco" "Eating out "
  Liabilities:US:Chase:Slate                       -31.25 USD
  Expenses:Food:Restaurant                          31.25 USD

2014-10-07 * "Chichipotle" "Eating out with Natasha"
  Liabilities:US:Chase:Slate                       -54.16 USD
  Expenses:Food:Restaurant                          54.16 USD

2014-10-09 * "Chase:Slate" "Paying off credit card"
  Liabilities:US:Chase:Slate                       685.11 USD
  Assets:US:BofA:Checking                         -685.11 USD

2014-10-10 * "Onion Market" "Buying groceries"
  Liabilities:US:Chase:Slate                       -71.94 USD
  Expenses:Food:Groceries                           71.94 USD

2014-10-11 * "Kin Soy" "Eating out "
  Liabilities:US:Chase:Slate                       -30.41 USD
  Expenses:Food:Restaurant                          30.41 USD

2014-10-14 * "Jewel of Morroco" "Eating out after work"
  Liabilities:US:Chase:Slate                       -40.96 USD
  Expenses:Food:Restaurant                          40.96 USD

2014-10-15 * "Chichipotle" "Eating out after work"
  Liabilities:US:Chase:Slate                       -71.09 USD
  Expenses:Food:Restaurant                          71.09 USD

2014-10-19 * "Farmer Fresh" "Buying groceries"
  Liabilities:US:Chase:Slate                      -110.80 USD
  Expenses:Food:Groceries                          110.80 USD

2014-10-20 * "Rose Flower" "Eating out alone"
  Liabilities:US:Chase:Slate                       -60.99 USD
  Expenses:Food:Restaurant                          60.99 USD

2014-10-20 * "Metro Transport Authority" "Tram tickets"
  Liabilities:US:Chase:Slate                      -120.00 USD
  Expenses:Transport:Tram                          120.00 USD

2014-10-23 * "Goba Goba" "Eating out "
  Liabilities:US:Chase:Slate                       -21.76 USD
  Expenses:Food:Restaurant                          21.76 USD

2014-10-24 * "Uncle Boons" "Eating out with work buddies"
  Liabilities:US:Chase:Slate                       -25.54 USD
  Expenses:Food:Restaurant                          25.54 USD

2014-10-25 balance Liabilities:US:Chase:Slate     -481.55 USD

2014-10-26 * "Jewel of Morroco" "Eating out alone"
  Liabilities:US:Chase:Slate                       -35.91 USD
  Expenses:Food:Restaurant                          35.91 USD

2014-10-28 * "China Garden" "Eating out with Joe"
  Liabilities:US:Chase:Slate                       -40.13 USD
  Expenses:Food:Restaurant                          40.13 USD

2014-10-29 * "Cafe Modagor" "Eating out after work"
  Liabilities:US:Chase:Slate                       -32.08 USD
  Expenses:Food:Restaurant                          32.08 USD

2014-10-30 * "Goba Goba" "Eating out "
  Liabilities:US:Chase:Slate                       -22.77 USD
  Expenses:Food:Restaurant                          22.77 USD

2014-11-01 * "China Garden" "Eating out after work"
  Liabilities:US:Chase:Slate                       -49.77 USD
  Expenses:Food:Restaurant                          49.77 USD

2014-11-05 * "China Garden" "Eating out with Bill"
  Liabilities:US:Chase:Slate                       -22.72 USD
  Expenses:Food:Restaurant                          22.72 USD

2014-11-07 * "Good Moods Market" "Buying groceries"
  Liabilities:US:Chase:Slate                       -81.70 USD
  Expenses:Food:Groceries                           81.70 USD

2014-11-08 * "Goba Goba" "Eating out with Joe"
  Liabilities:US:Chase:Slate                       -35.48 USD
  Expenses:Food:Restaurant                          35.48 USD

2014-11-09 * "Chase:Slate" "Paying off credit card"
  Liabilities:US:Chase:Slate                       819.10 USD
  Assets:US:BofA:Checking                         -819.10 USD

2014-11-11 * "Uncle Boons" "Eating out with Julie"
  Liabilities:US:Chase:Slate                       -16.99 USD
  Expenses:Food:Restaurant                          16.99 USD

2014-11-14 * "Cafe Modagor" "Eating out with Natasha"
  Liabilities:US:Chase:Slate                       -29.20 USD
  Expenses:Food:Restaurant                          29.20 USD

2014-11-16 * "Uncle Boons" "Eating out with Julie"
  Liabilities:US:Chase:Slate                       -29.32 USD
  Expenses:Food:Restaurant                          29.32 USD

2014-11-17 * "Metro Transport Authority" "Tram tickets"
  Liabilities:US:Chase:Slate                      -120.00 USD
  Expenses:Transport:Tram                          120.00 USD

2014-11-18 * "Kin Soy" "Eating out with Natasha"
  Liabilities:US:Chase:Slate                       -27.19 USD
  Expenses:Food:Restaurant                          27.19 USD

2014-11-19 balance Liabilities:US:Chase:Slate     -205.71 USD

2014-11-19 * "Cafe Modagor" "Eating out with Joe"
  Liabilities:US:Chase:Slate                       -37.37 USD
  Expenses:Food:Restaurant                          37.37 USD

2014-11-19 * "Corner Deli" "Buying groceries"
  Liabilities:US:Chase:Slate                       -90.20 USD
  Expenses:Food:Groceries                           90.20 USD

2014-11-22 * "Rose Flower" "Eating out with Joe"
  Liabilities:US:Chase:Slate                       -30.00 USD
  Expenses:Food:Restaurant                          30.00 USD

2014-11-23 * "Goba Goba" "Eating out with Bill"
  Liabilities:US:Chase:Slate                       -23.55 USD
  Expenses:Food:Restaurant                          23.55 USD

2014-11-27 * "Jewel of Morroco" "Eating out with Natasha"
  Liabilities:US:Chase:Slate                       -22.71 USD
  Expenses:Food:Restaurant                          22.71 USD

2014-11-30 * "Chichipotle" "Eating out with Joe"
  Liabilities:US:Chase:Slate                       -37.71 USD
  Expenses:Food:Restaurant                          37.71 USD

2014-12-05 * "Kin Soy" "Eating out with work buddies"
  Liabilities:US:Chase:Slate                       -24.82 USD
  Expenses:Food:Restaurant                          24.82 USD

2014-12-05 * "Corner Deli" "Buying groceries"
  Liabilities:US:Chase:Slate                       -83.52 USD
  Expenses:Food:Groceries                           83.52 USD

2014-12-09 balance Liabilities:US:Chase:Slate     -555.59 USD

2014-12-10 * "Kin Soy" "Eating out with Joe"
  Liabilities:US:Chase:Slate                       -21.29 USD
  Expenses:Food:Restaurant                          21.29 USD

2014-12-11 * "China Garden" "Eating out with Julie"
  Liabilities:US:Chase:Slate                       -55.64 USD
  Expenses:Food:Restaurant                          55.64 USD

2014-12-11 * "Chase:Slate" "Paying off credit card"
  Liabilities:US:Chase:Slate                       632.52 USD
  Assets:US:BofA:Checking                         -632.52 USD

2014-12-14 * "Rose Flower" "Eating out alone"
  Liabilities:US:Chase:Slate                       -19.95 USD
  Expenses:Food:Restaurant                          19.95 USD

2014-12-15 * "Rose Flower" "Eating out "
  Liabilities:US:Chase:Slate                       -32.29 USD
  Expenses:Food:Restaurant                          32.29 USD

2014-12-16 * "Metro Transport Authority" "Tram tickets"
  Liabilities:US:Chase:Slate                      -120.00 USD
  Expenses:Transport:Tram                          120.00 USD

2014-12-19 * "Rose Flower" "Eating out with work buddies"
  Liabilities:US:Chase:Slate                       -27.85 USD
  Expenses:Food:Restaurant                          27.85 USD

2014-12-22 * "Uncle Boons" "Eating out with Julie"
  Liabilities:US:Chase:Slate                       -28.44 USD
  Expenses:Food:Restaurant                          28.44 USD

2014-12-24 * "Farmer Fresh" "Buying groceries"
  Liabilities:US:Chase:Slate                       -84.24 USD
  Expenses:Food:Groceries                           84.24 USD

2014-12-26 * "Kin Soy" "Eating out "
  Liabilities:US:Chase:Slate                       -38.16 USD
  Expenses:Food:Restaurant                          38.16 USD

2014-12-31 * "Chichipotle" "Eating out with work buddies"
  Liabilities:US:Chase:Slate                       -39.36 USD
  Expenses:Food:Restaurant                          39.36 USD

2015-01-02 * "China Garden" "Eating out with Joe"
  Liabilities:US:Chase:Slate                       -20.39 USD
  Expenses:Food:Restaurant                          20.39 USD

2015-01-03 balance Liabilities:US:Chase:Slate     -410.68 USD

2015-01-04 * "Rose Flower" "Eating out with Joe"
  Liabilities:US:Chase:Slate                       -61.87 USD
  Expenses:Food:Restaurant                          61.87 USD

2015-01-04 * "Corner Deli" "Buying groceries"
  Liabilities:US:Chase:Slate                       -82.79 USD
  Expenses:Food:Groceries                           82.79 USD

2015-01-08 * "Jewel of Morroco" "Eating out alone"
  Liabilities:US:Chase:Slate                       -14.68 USD
  Expenses:Food:Restaurant                          14.68 USD

2015-01-09 * "Chase:Slate" "Paying off credit card"
  Liabilities:US:Chase:Slate                       635.87 USD
  Assets:US:BofA:Checking                         -635.87 USD

2015-01-12 * "Corner Deli" "Buying groceries"
  Liabilities:US:Chase:Slate                       -65.85 USD
  Expenses:Food:Groceries                           65.85 USD

2015-01-13 * "Rose Flower" "Eating out with Julie"
  Liabilities:US:Chase:Slate                       -19.99 USD
  Expenses:Food:Restaurant                          19.99 USD

2015-01-14 * "Uncle Boons" "Eating out alone"
  Liabilities:US:Chase:Slate                       -27.99 USD
  Expenses:Food:Restaurant                          27.99 USD

2015-01-16 * "Chichipotle" "Eating out "
  Liabilities:US:Chase:Slate                       -34.48 USD
  Expenses:Food:Restaurant                          34.48 USD

2015-01-16 * "Metro Transport Authority" "Tram tickets"
  Liabilities:US:Chase:Slate                      -120.00 USD
  Expenses:Transport:Tram                          120.00 USD

2015-01-21 event "location" "Chicago"

2015-01-22 * "Mercadito" "" #trip-chicago-2015
  Liabilities:US:Chase:Slate                       -37.67 USD
  Expenses:Food:Restaurant                          37.67 USD

2015-01-22 * "Eataly Chicago" "" #trip-chicago-2015
  Liabilities:US:Chase:Slate                       -32.91 USD
  Expenses:Food:Restaurant                          32.91 USD

2015-01-22 * "Argo Tea" "" #trip-chicago-2015
  Liabilities:US:Chase:Slate                        -6.89 USD
  Expenses:Food:Coffee                               6.89 USD

2015-01-24 * "Eataly Chicago" "" #trip-chicago-2015
  Liabilities:US:Chase:Slate                       -47.30 USD
  Expenses:Food:Restaurant                          47.30 USD

2015-01-25 * "Star of Siam" "" #trip-chicago-2015
  Liabilities:US:Chase:Slate                       -25.89 USD
  Expenses:Food:Restaurant                          25.89 USD

2015-01-25 * "Mercadito" "" #trip-chicago-2015
  Liabilities:US:Chase:Slate                       -34.22 USD
  Expenses:Food:Restaurant                          34.22 USD

2015-01-25 * "Argo Tea" "" #trip-chicago-2015
  Liabilities:US:Chase:Slate                        -6.22 USD
  Expenses:Food:Coffee                               6.22 USD

2015-01-28 * "25 Degrees Burger Bar" "" #trip-chicago-2015
  Liabilities:US:Chase:Slate                       -22.37 USD
  Expenses:Food:Restaurant                          22.37 USD

2015-01-29 * "Mercadito" "" #trip-chicago-2015
  Liabilities:US:Chase:Slate                       -39.54 USD
  Expenses:Food:Restaurant                          39.54 USD

2015-01-30 balance Liabilities:US:Chase:Slate     -455.47 USD

2015-01-31 * "Star of Siam" "" #trip-chicago-2015
  Liabilities:US:Chase:Slate                       -19.75 USD
  Expenses:Food:Restaurant                          19.75 USD

2015-01-31 * "Eataly Chicago" "" #trip-chicago-2015
  Liabilities:US:Chase:Slate                       -29.27 USD
  Expenses:Food:Restaurant                          29.27 USD

2015-02-01 * "Star of Siam" "" #trip-chicago-2015
  Liabilities:US:Chase:Slate                       -25.97 USD
  Expenses:Food:Restaurant                          25.97 USD

2015-02-01 * "Another Sports Pub" "" #trip-chicago-2015
  Liabilities:US:Chase:Slate                       -12.02 USD
  Expenses:Food:Alcohol                             12.02 USD

2015-02-02 * "Mercadito" "" #trip-chicago-2015
  Liabilities:US:Chase:Slate                       -28.04 USD
  Expenses:Food:Restaurant                          28.04 USD

2015-02-02 * "Eataly Chicago" "" #trip-chicago-2015
  Liabilities:US:Chase:Slate                       -57.79 USD
  Expenses:Food:Restaurant                          57.79 USD

2015-02-03 * "Eataly Chicago" "" #trip-chicago-2015
  Liabilities:US:Chase:Slate                       -44.63 USD
  Expenses:Food:Restaurant                          44.63 USD

2015-02-05 * "Mercadito" "" #trip-chicago-2015
  Liabilities:US:Chase:Slate                       -43.68 USD
  Expenses:Food:Restaurant                          43.68 USD

2015-02-05 * "Argo Tea" "" #trip-chicago-2015
  Liabilities:US:Chase:Slate                        -5.27 USD
  Expenses:Food:Coffee                               5.27 USD

2015-02-05 * "Consume vacation days"
  Assets:US:BayBook:Vacation                         -120 VACHR
  Expenses:Vacation                                   120 VACHR

2015-02-05 event "location" "New Metropolis"

2015-02-09 * "Chichipotle" "Eating out with Julie"
  Liabilities:US:Chase:Slate                       -58.11 USD
  Expenses:Food:Restaurant                          58.11 USD

2015-02-09 * "Onion Market" "Buying groceries"
  Liabilities:US:Chase:Slate                       -87.54 USD
  Expenses:Food:Groceries                           87.54 USD

2015-02-09 * "Chase:Slate" "Paying off credit card"
  Liabilities:US:Chase:Slate                       260.57 USD
  Assets:US:BofA:Checking                         -260.57 USD

2015-02-14 * "Rose Flower" "Eating out with Bill"
  Liabilities:US:Chase:Slate                       -27.31 USD
  Expenses:Food:Restaurant                          27.31 USD

2015-02-17 * "Metro Transport Authority" "Tram tickets"
  Liabilities:US:Chase:Slate                      -120.00 USD
  Expenses:Transport:Tram                          120.00 USD

2015-02-18 * "Cafe Modagor" "Eating out with Natasha"
  Liabilities:US:Chase:Slate                       -25.75 USD
  Expenses:Food:Restaurant                          25.75 USD

2015-02-19 balance Liabilities:US:Chase:Slate     -780.03 USD

2015-02-21 * "Rose Flower" "Eating out after work"
  Liabilities:US:Chase:Slate                       -38.88 USD
  Expenses:Food:Restaurant                          38.88 USD

2015-02-24 * "Cafe Modagor" "Eating out after work"
  Liabilities:US:Chase:Slate                       -39.51 USD
  Expenses:Food:Restaurant                          39.51 USD

2015-02-25 * "Good Moods Market" "Buying groceries"
  Liabilities:US:Chase:Slate                      -100.07 USD
  Expenses:Food:Groceries                          100.07 USD

2015-02-28 * "Chichipotle" "Eating out with Natasha"
  Liabilities:US:Chase:Slate                       -21.77 USD
  Expenses:Food:Restaurant                          21.77 USD

2015-03-05 * "Cafe Modagor" "Eating out with Natasha"
  Liabilities:US:Chase:Slate                       -21.46 USD
  Expenses:Food:Restaurant                          21.46 USD

2015-03-10 * "Rose Flower" "Eating out with Natasha"
  Liabilities:US:Chase:Slate                       -24.37 USD
  Expenses:Food:Restaurant                          24.37 USD

2015-03-10 * "Chase:Slate" "Paying off credit card"
  Liabilities:US:Chase:Slate                       506.66 USD
  Assets:US:BofA:Checking                         -506.66 USD

2015-03-12 * "Corner Deli" "Buying groceries"
  Liabilities:US:Chase:Slate                       -79.77 USD
  Expenses:Food:Groceries                           79.77 USD

2015-03-14 balance Liabilities:US:Chase:Slate     -599.20 USD

2015-03-14 * "China Garden" "Eating out "
  Liabilities:US:Chase:Slate                       -15.81 USD
  Expenses:Food:Restaurant                          15.81 USD

2015-03-17 * "China Garden" "Eating out "
  Liabilities:US:Chase:Slate                       -32.62 USD
  Expenses:Food:Restaurant                          32.62 USD

2015-03-19 * "Cafe Modagor" "Eating out with Julie"
  Liabilities:US:Chase:Slate                       -47.83 USD
  Expenses:Food:Restaurant                          47.83 USD

2015-03-19 * "Metro Transport Authority" "Tram tickets"
  Liabilities:US:Chase:Slate                      -120.00 USD
  Expenses:Transport:Tram                          120.00 USD

2015-03-23 * "Corner Deli" "Buying groceries"
  Liabilities:US:Chase:Slate                       -84.89 USD
  Expenses:Food:Groceries                           84.89 USD

2015-03-24 * "China Garden" "Eating out "
  Liabilities:US:Chase:Slate                       -28.79 USD
  Expenses:Food:Restaurant                          28.79 USD

2015-03-29 * "China Garden" "Eating out alone"
  Liabilities:US:Chase:Slate                       -42.33 USD
  Expenses:Food:Restaurant                          42.33 USD

2015-03-30 * "Cafe Modagor" "Eating out with Natasha"
  Liabilities:US:Chase:Slate                       -37.24 USD
  Expenses:Food:Restaurant                          37.24 USD

2015-04-03 * "Onion Market" "Buying groceries"
  Liabilities:US:Chase:Slate                       -98.16 USD
  Expenses:Food:Groceries                           98.16 USD

2015-04-04 balance Liabilities:US:Chase:Slate    -1106.87 USD

2015-04-04 * "China Garden" "Eating out after work"
  Liabilities:US:Chase:Slate                       -37.09 USD
  Expenses:Food:Restaurant                          37.09 USD

2015-04-06 * "Rose Flower" "Eating out with Natasha"
  Liabilities:US:Chase:Slate                       -33.98 USD
  Expenses:Food:Restaurant                          33.98 USD

2015-04-08 * "Uncle Boons" "Eating out after work"
  Liabilities:US:Chase:Slate                       -33.57 USD
  Expenses:Food:Restaurant                          33.57 USD

2015-04-08 * "Chase:Slate" "Paying off credit card"
  Liabilities:US:Chase:Slate                       692.08 USD
  Assets:US:BofA:Checking                         -692.08 USD

2015-04-10 * "Rose Flower" "Eating out with Natasha"
  Liabilities:US:Chase:Slate                       -25.15 USD
  Expenses:Food:Restaurant                          25.15 USD

2015-04-13 * "Cafe Modagor" "Eating out alone"
  Liabilities:US:Chase:Slate                       -19.19 USD
  Expenses:Food:Restaurant                          19.19 USD

2015-04-15 * "China Garden" "Eating out with Julie"
  Liabilities:US:Chase:Slate                       -13.95 USD
  Expenses:Food:Restaurant                          13.95 USD

2015-04-19 * "Kin Soy" "Eating out alone"
  Liabilities:US:Chase:Slate                       -28.50 USD
  Expenses:Food:Restaurant                          28.50 USD

2015-04-20 * "Farmer Fresh" "Buying groceries"
  Liabilities:US:Chase:Slate                       -82.84 USD
  Expenses:Food:Groceries                           82.84 USD

2015-04-21 * "Metro Transport Authority" "Tram tickets"
  Liabilities:US:Chase:Slate                      -120.00 USD
  Expenses:Transport:Tram                          120.00 USD

2015-04-24 * "Jewel of Morroco" "Eating out with work buddies"
  Liabilities:US:Chase:Slate                       -44.19 USD
  Expenses:Food:Restaurant                          44.19 USD

2015-04-26 * "Jewel of Morroco" "Eating out with work buddies"
  Liabilities:US:Chase:Slate                       -41.92 USD
  Expenses:Food:Restaurant                          41.92 USD

2015-04-29 balance Liabilities:US:Chase:Slate     -895.17 USD

2015-04-29 * "Jewel of Morroco" "Eating out with work buddies"
  Liabilities:US:Chase:Slate                       -38.87 USD
  Expenses:Food:Restaurant                          38.87 USD

2015-04-30 * "Cafe Modagor" "Eating out with Joe"
  Liabilities:US:Chase:Slate                       -45.46 USD
  Expenses:Food:Restaurant                          45.46 USD

2015-05-03 * "Goba Goba" "Eating out alone"
  Liabilities:US:Chase:Slate                       -62.27 USD
  Expenses:Food:Restaurant                          62.27 USD

2015-05-07 * "Rose Flower" "Eating out with work buddies"
  Liabilities:US:Chase:Slate                       -28.86 USD
  Expenses:Food:Restaurant                          28.86 USD

2015-05-08 * "China Garden" "Eating out with Natasha"
  Liabilities:US:Chase:Slate                       -27.78 USD
  Expenses:Food:Restaurant                          27.78 USD

2015-05-09 * "Rose Flower" "Eating out with work buddies"
  Liabilities:US:Chase:Slate                       -31.48 USD
  Expenses:Food:Restaurant                          31.48 USD

2015-05-09 * "Corner Deli" "Buying groceries"
  Liabilities:US:Chase:Slate                       -98.70 USD
  Expenses:Food:Groceries                           98.70 USD

2015-05-10 * "Goba Goba" "Eating out with Natasha"
  Liabilities:US:Chase:Slate                       -36.17 USD
  Expenses:Food:Restaurant                          36.17 USD

2015-05-10 * "Chase:Slate" "Paying off credit card"
  Liabilities:US:Chase:Slate                       745.33 USD
  Assets:US:BofA:Checking                         -745.33 USD

2015-05-14 * "China Garden" "Eating out alone"
  Liabilities:US:Chase:Slate                       -37.36 USD
  Expenses:Food:Restaurant                          37.36 USD

2015-05-15 * "Onion Market" "Buying groceries"
  Liabilities:US:Chase:Slate                       -79.07 USD
  Expenses:Food:Groceries                           79.07 USD

2015-05-17 * "Chichipotle" "Eating out alone"
  Liabilities:US:Chase:Slate                       -49.00 USD
  Expenses:Food:Restaurant                          49.00 USD

2015-05-21 balance Liabilities:US:Chase:Slate     -684.86 USD

2015-05-21 * "Kin Soy" "Eating out "
  Liabilities:US:Chase:Slate                       -14.95 USD
  Expenses:Food:Restaurant                          14.95 USD

2015-05-23 * "Metro Transport Authority" "Tram tickets"
  Liabilities:US:Chase:Slate                      -120.00 USD
  Expenses:Transport:Tram                          120.00 USD

2015-05-25 * "China Garden" "Eating out with work buddies"
  Liabilities:US:Chase:Slate                       -31.21 USD
  Expenses:Food:Restaurant                          31.21 USD

2015-05-26 * "Goba Goba" "Eating out with work buddies"
  Liabilities:US:Chase:Slate                       -14.79 USD
  Expenses:Food:Restaurant                          14.79 USD

2015-05-26 * "Good Moods Market" "Buying groceries"
  Liabilities:US:Chase:Slate                       -85.00 USD
  Expenses:Food:Groceries                           85.00 USD

2015-05-31 * "Uncle Boons" "Eating out with Bill"
  Liabilities:US:Chase:Slate                       -25.25 USD
  Expenses:Food:Restaurant                          25.25 USD

2015-06-01 * "Good Moods Market" "Buying groceries"
  Liabilities:US:Chase:Slate                       -82.31 USD
  Expenses:Food:Groceries                           82.31 USD

2015-06-02 * "China Garden" "Eating out after work"
  Liabilities:US:Chase:Slate                       -24.12 USD
  Expenses:Food:Restaurant                          24.12 USD

2015-06-04 * "Chichipotle" "Eating out with Julie"
  Liabilities:US:Chase:Slate                       -38.06 USD
  Expenses:Food:Restaurant                          38.06 USD

2015-06-07 * "Rose Flower" "Eating out with Natasha"
  Liabilities:US:Chase:Slate                       -24.53 USD
  Expenses:Food:Restaurant                          24.53 USD

2015-06-08 * "Uncle Boons" "Eating out with Natasha"
  Liabilities:US:Chase:Slate                       -41.14 USD
  Expenses:Food:Restaurant                          41.14 USD

2015-06-10 * "Corner Deli" "Buying groceries"
  Liabilities:US:Chase:Slate                       -83.37 USD
  Expenses:Food:Groceries                           83.37 USD

2015-06-11 * "Chase:Slate" "Paying off credit card"
  Liabilities:US:Chase:Slate                       795.87 USD
  Assets:US:BofA:Checking                         -795.87 USD

2015-06-13 * "Rose Flower" "Eating out with work buddies"
  Liabilities:US:Chase:Slate                       -45.71 USD
  Expenses:Food:Restaurant                          45.71 USD

2015-06-15 balance Liabilities:US:Chase:Slate     -519.43 USD

2015-06-17 * "Kin Soy" "Eating out alone"
  Liabilities:US:Chase:Slate                       -32.82 USD
  Expenses:Food:Restaurant                          32.82 USD

2015-06-22 * "Goba Goba" "Eating out "
  Liabilities:US:Chase:Slate                       -20.62 USD
  Expenses:Food:Restaurant                          20.62 USD

2015-06-25 * "Metro Transport Authority" "Tram tickets"
  Liabilities:US:Chase:Slate                      -120.00 USD
  Expenses:Transport:Tram                          120.00 USD

2015-06-27 * "Chichipotle" "Eating out with Julie"
  Liabilities:US:Chase:Slate                       -44.36 USD
  Expenses:Food:Restaurant                          44.36 USD

2015-06-29 * "Rose Flower" "Eating out "
  Liabilities:US:Chase:Slate                       -20.76 USD
  Expenses:Food:Restaurant                          20.76 USD

2015-06-29 * "Corner Deli" "Buying groceries"
  Liabilities:US:Chase:Slate                       -82.07 USD
  Expenses:Food:Groceries                           82.07 USD

2015-07-04 * "Cafe Modagor" "Eating out with Julie"
  Liabilities:US:Chase:Slate                       -22.12 USD
  Expenses:Food:Restaurant                          22.12 USD

2015-07-07 event "location" "San Francisco"

2015-07-08 * "Pizza Delfina" "" #trip-san-francisco-2015
  Liabilities:US:Chase:Slate                       -16.82 USD
  Expenses:Food:Restaurant                          16.82 USD

2015-07-08 * "Waterbar" "" #trip-san-francisco-2015
  Liabilities:US:Chase:Slate                       -51.43 USD
  Expenses:Food:Restaurant                          51.43 USD

2015-07-09 * "Bar Crudo" "" #trip-san-francisco-2015
  Liabilities:US:Chase:Slate                       -63.83 USD
  Expenses:Food:Restaurant                          63.83 USD

2015-07-09 * "Pizza Delfina" "" #trip-san-francisco-2015
  Liabilities:US:Chase:Slate                       -20.10 USD
  Expenses:Food:Restaurant                          20.10 USD

2015-07-09 * "Waterbar" "" #trip-san-francisco-2015
  Liabilities:US:Chase:Slate                       -53.75 USD
  Expenses:Food:Restaurant                          53.75 USD

2015-07-09 * "Chase:Slate" "Paying off credit card"
  Liabilities:US:Chase:Slate                       383.67 USD
  Assets:US:BofA:Checking                         -383.67 USD

2015-07-10 * "Pizza Delfina" "" #trip-san-francisco-2015
  Liabilities:US:Chase:Slate                       -18.11 USD
  Expenses:Food:Restaurant                          18.11 USD

2015-07-10 * "Waterbar" "" #trip-san-francisco-2015
  Liabilities:US:Chase:Slate                       -51.84 USD
  Expenses:Food:Restaurant                          51.84 USD

2015-07-10 * "Starbucks" "" #trip-san-francisco-2015
  Liabilities:US:Chase:Slate                        -6.68 USD
  Expenses:Food:Coffee                               6.68 USD

2015-07-11 * "Bar Crudo" "" #trip-san-francisco-2015
  Liabilities:US:Chase:Slate                       -67.45 USD
  Expenses:Food:Restaurant                          67.45 USD

2015-07-11 * "Pizza Delfina" "" #trip-san-francisco-2015
  Liabilities:US:Chase:Slate                       -20.13 USD
  Expenses:Food:Restaurant                          20.13 USD

2015-07-11 * "Mission Chinese Food" "" #trip-san-francisco-2015
  Liabilities:US:Chase:Slate                       -23.78 USD
  Expenses:Food:Restaurant                          23.78 USD

2015-07-12 * "Waterbar" "" #trip-san-francisco-2015
  Liabilities:US:Chase:Slate                       -55.40 USD
  Expenses:Food:Restaurant                          55.40 USD

2015-07-13 balance Liabilities:US:Chase:Slate     -927.83 USD

2015-07-13 * "Pizza Delfina" "" #trip-san-francisco-2015
  Liabilities:US:Chase:Slate                       -18.04 USD
  Expenses:Food:Restaurant                          18.04 USD

2015-07-13 * "Waterbar" "" #trip-san-francisco-2015
  Liabilities:US:Chase:Slate                       -47.29 USD
  Expenses:Food:Restaurant                          47.29 USD

2015-07-14 * "Bar Crudo" "" #trip-san-francisco-2015
  Liabilities:US:Chase:Slate                       -58.38 USD
  Expenses:Food:Restaurant                          58.38 USD

2015-07-14 * "Pizza Delfina" "" #trip-san-francisco-2015
  Liabilities:US:Chase:Slate                       -16.53 USD
  Expenses:Food:Restaurant                          16.53 USD

2015-07-14 * "Waterbar" "" #trip-san-francisco-2015
  Liabilities:US:Chase:Slate                       -47.36 USD
  Expenses:Food:Restaurant                          47.36 USD

2015-07-14 * "Mission Chinese Food" "" #trip-san-francisco-2015
  Liabilities:US:Chase:Slate                       -24.15 USD
  Expenses:Food:Restaurant                          24.15 USD

2015-07-16 * "Starbucks" "" #trip-san-francisco-2015
  Liabilities:US:Chase:Slate                        -5.68 USD
  Expenses:Food:Coffee                               5.68 USD

2015-07-17 * "Pizza Delfina" "" #trip-san-francisco-2015
  Liabilities:US:Chase:Slate                       -18.81 USD
  Expenses:Food:Restaurant                          18.81 USD

2015-07-17 * "Mission Chinese Food" "" #trip-san-francisco-2015
  Liabilities:US:Chase:Slate                       -23.16 USD
  Expenses:Food:Restaurant                          23.16 USD

2015-07-17 * "Starbucks" "" #trip-san-francisco-2015
  Liabilities:US:Chase:Slate                        -5.93 USD
  Expenses:Food:Coffee                               5.93 USD

2015-07-18 * "Pizza Delfina" "" #trip-san-francisco-2015
  Liabilities:US:Chase:Slate                       -18.87 USD
  Expenses:Food:Restaurant                          18.87 USD

2015-07-18 * "Mission Chinese Food" "" #trip-san-francisco-2015
  Liabilities:US:Chase:Slate                       -30.24 USD
  Expenses:Food:Restaurant                          30.24 USD

2015-07-20 * "Bar Crudo" "" #trip-san-francisco-2015
  Liabilities:US:Chase:Slate                       -60.60 USD
  Expenses:Food:Restaurant                          60.60 USD

2015-07-20 * "Pizza Delfina" "" #trip-san-francisco-2015
  Liabilities:US:Chase:Slate                       -20.59 USD
  Expenses:Food:Restaurant                          20.59 USD

2015-07-20 * "Waterbar" "" #trip-san-francisco-2015
  Liabilities:US:Chase:Slate                       -37.41 USD
  Expenses:Food:Restaurant                          37.41 USD

2015-07-20 * "Starbucks" "" #trip-san-francisco-2015
  Liabilities:US:Chase:Slate                        -5.17 USD
  Expenses:Food:Coffee                               5.17 USD

2015-07-21 * "Mission Chinese Food" "" #trip-san-francisco-2015
  Liabilities:US:Chase:Slate                       -29.51 USD
  Expenses:Food:Restaurant                          29.51 USD

2015-07-22 * "Starbucks" "" #trip-san-francisco-2015
  Liabilities:US:Chase:Slate                        -6.52 USD
  Expenses:Food:Coffee                               6.52 USD

2015-07-23 * "Bar Crudo" "" #trip-san-francisco-2015
  Liabilities:US:Chase:Slate                       -72.62 USD
  Expenses:Food:Restaurant                          72.62 USD

2015-07-23 * "Starbucks" "" #trip-san-francisco-2015
  Liabilities:US:Chase:Slate                        -6.10 USD
  Expenses:Food:Coffee                               6.10 USD

2015-07-24 * "Waterbar" "" #trip-san-francisco-2015
  Liabilities:US:Chase:Slate                       -50.22 USD
  Expenses:Food:Restaurant                          50.22 USD

2015-07-24 * "Mission Chinese Food" "" #trip-san-francisco-2015
  Liabilities:US:Chase:Slate                       -20.98 USD
  Expenses:Food:Restaurant                          20.98 USD

2015-07-24 * "Starbucks" "" #trip-san-francisco-2015
  Liabilities:US:Chase:Slate                        -5.99 USD
  Expenses:Food:Coffee                               5.99 USD

2015-07-25 * "Pizza Delfina" "" #trip-san-francisco-2015
  Liabilities:US:Chase:Slate                       -18.31 USD
  Expenses:Food:Restaurant                          18.31 USD

2015-07-26 * "Waterbar" "" #trip-san-francisco-2015
  Liabilities:US:Chase:Slate                       -55.29 USD
  Expenses:Food:Restaurant                          55.29 USD

2015-07-26 * "Mission Chinese Food" "" #trip-san-francisco-2015
  Liabilities:US:Chase:Slate                       -28.38 USD
  Expenses:Food:Restaurant                          28.38 USD

2015-07-26 * "Consume vacation days"
  Assets:US:BayBook:Vacation                         -152 VACHR
  Expenses:Vacation                                   152 VACHR

2015-07-26 event "location" "New Metropolis"

2015-07-27 * "Uncle Boons" "Eating out with Bill"
  Liabilities:US:Chase:Slate                       -40.92 USD
  Expenses:Food:Restaurant                          40.92 USD

2015-07-30 * "Onion Market" "Buying groceries"
  Liabilities:US:Chase:Slate                       -91.15 USD
  Expenses:Food:Groceries                           91.15 USD

2015-08-01 * "Kin Soy" "Eating out after work"
  Liabilities:US:Chase:Slate                       -23.67 USD
  Expenses:Food:Restaurant                          23.67 USD

2015-08-03 * "Cafe Modagor" "Eating out with Natasha"
  Liabilities:US:Chase:Slate                       -45.17 USD
  Expenses:Food:Restaurant                          45.17 USD

2015-08-05 * "Jewel of Morroco" "Eating out alone"
  Liabilities:US:Chase:Slate                       -48.84 USD
  Expenses:Food:Restaurant                          48.84 USD

2015-08-06 * "Jewel of Morroco" "Eating out alone"
  Liabilities:US:Chase:Slate                       -57.46 USD
  Expenses:Food:Restaurant                          57.46 USD

2015-08-08 balance Liabilities:US:Chase:Slate    -1967.17 USD

2015-08-11 * "Cafe Modagor" "Eating out alone"
  Liabilities:US:Chase:Slate                       -81.86 USD
  Expenses:Food:Restaurant                          81.86 USD

2015-08-11 * "Chase:Slate" "Paying off credit card"
  Liabilities:US:Chase:Slate                       348.15 USD
  Assets:US:BofA:Checking                         -348.15 USD

2015-08-15 * "China Garden" "Eating out alone"
  Liabilities:US:Chase:Slate                       -16.58 USD
  Expenses:Food:Restaurant                          16.58 USD

2015-08-16 * "Rose Flower" "Eating out with work buddies"
  Liabilities:US:Chase:Slate                       -28.28 USD
  Expenses:Food:Restaurant                          28.28 USD

2015-08-18 * "Onion Market" "Buying groceries"
  Liabilities:US:Chase:Slate                      -150.70 USD
  Expenses:Food:Groceries                          150.70 USD

2015-08-19 * "Goba Goba" "Eating out "
  Liabilities:US:Chase:Slate                       -29.18 USD
  Expenses:Food:Restaurant                          29.18 USD

2015-08-21 * "Metro Transport Authority" "Tram tickets"
  Liabilities:US:Chase:Slate                      -120.00 USD
  Expenses:Transport:Tram                          120.00 USD

2015-08-24 * "Goba Goba" "Eating out with Julie"
  Liabilities:US:Chase:Slate                       -31.78 USD
  Expenses:Food:Restaurant                          31.78 USD

2015-08-25 * "Onion Market" "Buying groceries"
  Liabilities:US:Chase:Slate                       -69.79 USD
  Expenses:Food:Groceries                           69.79 USD

2015-08-28 balance Liabilities:US:Chase:Slate    -2147.19 USD

2015-08-28 * "Uncle Boons" "Eating out after work"
  Liabilities:US:Chase:Slate                       -30.40 USD
  Expenses:Food:Restaurant                          30.40 USD

2015-08-29 * "Kin Soy" "Eating out with Natasha"
  Liabilities:US:Chase:Slate                       -52.03 USD
  Expenses:Food:Restaurant                          52.03 USD

2015-08-30 * "Onion Market" "Buying groceries"
  Liabilities:US:Chase:Slate                       -62.09 USD
  Expenses:Food:Groceries                           62.09 USD

2015-09-03 * "Uncle Boons" "Eating out with Julie"
  Liabilities:US:Chase:Slate                       -40.97 USD
  Expenses:Food:Restaurant                          40.97 USD

2015-09-06 * "Goba Goba" "Eating out with Bill"
  Liabilities:US:Chase:Slate                       -44.35 USD
  Expenses:Food:Restaurant                          44.35 USD

2015-09-07 * "Kin Soy" "Eating out with Bill"
  Liabilities:US:Chase:Slate                       -24.93 USD
  Expenses:Food:Restaurant                          24.93 USD

2015-09-08 * "Chase:Slate" "Paying off credit card"
  Liabilities:US:Chase:Slate                       733.47 USD
  Assets:US:BofA:Checking                         -733.47 USD

2015-09-11 * "Rose Flower" "Eating out with Julie"
  Liabilities:US:Chase:Slate                       -32.39 USD
  Expenses:Food:Restaurant                          32.39 USD

2015-09-15 * "Cafe Modagor" "Eating out with Bill"
  Liabilities:US:Chase:Slate                       -73.53 USD
  Expenses:Food:Restaurant                          73.53 USD

2015-09-17 * "China Garden" "Eating out alone"
  Liabilities:US:Chase:Slate                       -23.69 USD
  Expenses:Food:Restaurant                          23.69 USD

2015-09-17 * "Good Moods Market" "Buying groceries"
  Liabilities:US:Chase:Slate                       -53.15 USD
  Expenses:Food:Groceries                           53.15 USD

2015-09-18 * "Kin Soy" "Eating out after work"
  Liabilities:US:Chase:Slate                       -18.84 USD
  Expenses:Food:Restaurant                          18.84 USD

2015-09-22 * "Goba Goba" "Eating out with Natasha"
  Liabilities:US:Chase:Slate                       -53.03 USD
  Expenses:Food:Restaurant                          53.03 USD

2015-09-23 * "Metro Transport Authority" "Tram tickets"
  Liabilities:US:Chase:Slate                      -120.00 USD
  Expenses:Transport:Tram                          120.00 USD

2015-09-26 balance Liabilities:US:Chase:Slate    -2043.12 USD

2015-09-26 * "Goba Goba" "Eating out with Julie"
  Liabilities:US:Chase:Slate                       -35.03 USD
  Expenses:Food:Restaurant                          35.03 USD

2015-09-29 * "Corner Deli" "Buying groceries"
  Liabilities:US:Chase:Slate                       -85.96 USD
  Expenses:Food:Groceries                           85.96 USD

2015-10-01 * "Uncle Boons" "Eating out with Joe"
  Liabilities:US:Chase:Slate                       -42.80 USD
  Expenses:Food:Restaurant                          42.80 USD

2015-10-05 * "Rose Flower" "Eating out with Bill"
  Liabilities:US:Chase:Slate                       -25.73 USD
  Expenses:Food:Restaurant                          25.73 USD

2015-10-06 * "Good Moods Market" "Buying groceries"
  Liabilities:US:Chase:Slate                      -108.44 USD
  Expenses:Food:Groceries                          108.44 USD

2015-10-07 * "Chichipotle" "Eating out after work"
  Liabilities:US:Chase:Slate                       -20.61 USD
  Expenses:Food:Restaurant                          20.61 USD

2015-10-09 * "Rose Flower" "Eating out after work"
  Liabilities:US:Chase:Slate                       -24.79 USD
  Expenses:Food:Restaurant                          24.79 USD

2015-10-11 * "Chase:Slate" "Paying off credit card"
  Liabilities:US:Chase:Slate                       735.45 USD
  Assets:US:BofA:Checking                         -735.45 USD

2015-10-14 * "Uncle Boons" "Eating out after work"
  Liabilities:US:Chase:Slate                       -49.85 USD
  Expenses:Food:Restaurant                          49.85 USD

2015-10-19 * "Jewel of Morroco" "Eating out with Bill"
  Liabilities:US:Chase:Slate                       -25.07 USD
  Expenses:Food:Restaurant                          25.07 USD

2015-10-19 * "Onion Market" "Buying groceries"
  Liabilities:US:Chase:Slate                       -64.16 USD
  Expenses:Food:Groceries                           64.16 USD

2015-10-23 * "Metro Transport Authority" "Tram tickets"
  Liabilities:US:Chase:Slate                      -120.00 USD
  Expenses:Transport:Tram                          120.00 USD

2015-10-24 * "Rose Flower" "Eating out alone"
  Liabilities:US:Chase:Slate                       -29.67 USD
  Expenses:Food:Restaurant                          29.67 USD

2015-10-25 balance Liabilities:US:Chase:Slate    -1939.78 USD

2015-10-28 * "China Garden" "Eating out alone"
  Liabilities:US:Chase:Slate                       -26.57 USD
  Expenses:Food:Restaurant                          26.57 USD

2015-11-01 * "Jewel of Morroco" "Eating out with Joe"
  Liabilities:US:Chase:Slate                       -35.67 USD
  Expenses:Food:Restaurant                          35.67 USD

2015-11-04 * "Corner Deli" "Buying groceries"
  Liabilities:US:Chase:Slate                       -99.80 USD
  Expenses:Food:Groceries                           99.80 USD

2015-11-06 * "Jewel of Morroco" "Eating out with Joe"
  Liabilities:US:Chase:Slate                       -21.42 USD
  Expenses:Food:Restaurant                          21.42 USD

2015-11-07 * "China Garden" "Eating out with Julie"
  Liabilities:US:Chase:Slate                       -41.39 USD
  Expenses:Food:Restaurant                          41.39 USD

2015-11-07 * "Chase:Slate" "Paying off credit card"
  Liabilities:US:Chase:Slate                       463.75 USD
  Assets:US:BofA:Checking                         -463.75 USD

2015-11-08 * "Rose Flower" "Eating out with Natasha"
  Liabilities:US:Chase:Slate                       -31.90 USD
  Expenses:Food:Restaurant                          31.90 USD

2015-11-11 * "Goba Goba" "Eating out "
  Liabilities:US:Chase:Slate                       -38.11 USD
  Expenses:Food:Restaurant                          38.11 USD

2015-11-12 * "Uncle Boons" "Eating out with Julie"
  Liabilities:US:Chase:Slate                       -44.81 USD
  Expenses:Food:Restaurant                          44.81 USD

2015-11-14 balance Liabilities:US:Chase:Slate    -1815.70 USD

2015-11-16 * "Cafe Modagor" "Eating out "
  Liabilities:US:Chase:Slate                       -75.58 USD
  Expenses:Food:Restaurant                          75.58 USD

2015-11-19 * "Kin Soy" "Eating out after work"
  Liabilities:US:Chase:Slate                       -29.49 USD
  Expenses:Food:Restaurant                          29.49 USD

2015-11-19 * "Corner Deli" "Buying groceries"
  Liabilities:US:Chase:Slate                       -98.53 USD
  Expenses:Food:Groceries                           98.53 USD

2015-11-21 * "Metro Transport Authority" "Tram tickets"
  Liabilities:US:Chase:Slate                      -120.00 USD
  Expenses:Transport:Tram                          120.00 USD

2015-11-22 * "Cafe Modagor" "Eating out "
  Liabilities:US:Chase:Slate                       -23.68 USD
  Expenses:Food:Restaurant                          23.68 USD

2015-11-23 * "Goba Goba" "Eating out "
  Liabilities:US:Chase:Slate                       -71.98 USD
  Expenses:Food:Restaurant                          71.98 USD

2015-11-26 * "Rose Flower" "Eating out with Natasha"
  Liabilities:US:Chase:Slate                       -18.43 USD
  Expenses:Food:Restaurant                          18.43 USD

2015-11-30 * "Jewel of Morroco" "Eating out with Bill"
  Liabilities:US:Chase:Slate                       -24.84 USD
  Expenses:Food:Restaurant                          24.84 USD

2015-12-02 * "Uncle Boons" "Eating out after work"
  Liabilities:US:Chase:Slate                       -49.22 USD
  Expenses:Food:Restaurant                          49.22 USD

2015-12-04 * "Goba Goba" "Eating out with work buddies"
  Liabilities:US:Chase:Slate                       -53.14 USD
  Expenses:Food:Restaurant                          53.14 USD

2015-12-05 * "Good Moods Market" "Buying groceries"
  Liabilities:US:Chase:Slate                       -77.95 USD
  Expenses:Food:Groceries                           77.95 USD

2015-12-09 * "Chichipotle" "Eating out with Joe"
  Liabilities:US:Chase:Slate                       -31.31 USD
  Expenses:Food:Restaurant                          31.31 USD

2015-12-09 * "Chase:Slate" "Paying off credit card"
  Liabilities:US:Chase:Slate                       788.97 USD
  Assets:US:BofA:Checking                         -788.97 USD

2015-12-14 balance Liabilities:US:Chase:Slate    -1700.88 USD

2015-12-14 * "Rose Flower" "Eating out with Bill"
  Liabilities:US:Chase:Slate                       -55.69 USD
  Expenses:Food:Restaurant                          55.69 USD

2015-12-16 * "Goba Goba" "Eating out with work buddies"
  Liabilities:US:Chase:Slate                       -23.72 USD
  Expenses:Food:Restaurant                          23.72 USD

2015-12-18 * "Rose Flower" "Eating out alone"
  Liabilities:US:Chase:Slate                       -36.42 USD
  Expenses:Food:Restaurant                          36.42 USD

2015-12-20 * "China Garden" "Eating out with Bill"
  Liabilities:US:Chase:Slate                       -25.38 USD
  Expenses:Food:Restaurant                          25.38 USD

2015-12-22 * "Farmer Fresh" "Buying groceries"
  Liabilities:US:Chase:Slate                       -49.29 USD
  Expenses:Food:Groceries                           49.29 USD

2015-12-23 * "Metro Transport Authority" "Tram tickets"
  Liabilities:US:Chase:Slate                      -120.00 USD
  Expenses:Transport:Tram                          120.00 USD

2015-12-25 * "Chichipotle" "Eating out with work buddies"
  Liabilities:US:Chase:Slate                       -41.45 USD
  Expenses:Food:Restaurant                          41.45 USD

2015-12-27 * "China Garden" "Eating out after work"
  Liabilities:US:Chase:Slate                       -32.38 USD
  Expenses:Food:Restaurant                          32.38 USD

2015-12-28 * "China Garden" "Eating out with Julie"
  Liabilities:US:Chase:Slate                       -22.42 USD
  Expenses:Food:Restaurant                          22.42 USD

2015-12-30 * "Rose Flower" "Eating out with work buddies"
  Liabilities:US:Chase:Slate                       -26.41 USD
  Expenses:Food:Restaurant                          26.41 USD

2016-01-03 * "China Garden" "Eating out with Bill"
  Liabilities:US:Chase:Slate                       -37.52 USD
  Expenses:Food:Restaurant                          37.52 USD

2016-01-06 * "Corner Deli" "Buying groceries"
  Liabilities:US:Chase:Slate                       -86.61 USD
  Expenses:Food:Groceries                           86.61 USD

2016-01-07 * "Cafe Modagor" "Eating out with Joe"
  Liabilities:US:Chase:Slate                       -24.16 USD
  Expenses:Food:Restaurant                          24.16 USD

2016-01-08 * "Jewel of Morroco" "Eating out "
  Liabilities:US:Chase:Slate                       -28.51 USD
  Expenses:Food:Restaurant                          28.51 USD

2016-01-08 * "Chase:Slate" "Paying off credit card"
  Liabilities:US:Chase:Slate                       609.96 USD
  Assets:US:BofA:Checking                         -609.96 USD

2016-01-11 balance Liabilities:US:Chase:Slate    -1700.88 USD

2016-01-13 * "Rose Flower" "Eating out with Natasha"
  Liabilities:US:Chase:Slate                       -32.18 USD
  Expenses:Food:Restaurant                          32.18 USD

2016-01-15 * "China Garden" "Eating out after work"
  Liabilities:US:Chase:Slate                       -21.28 USD
  Expenses:Food:Restaurant                          21.28 USD

2016-01-16 * "Kin Soy" "Eating out "
  Liabilities:US:Chase:Slate                       -18.30 USD
  Expenses:Food:Restaurant                          18.30 USD

2016-01-21 * "Kin Soy" "Eating out with Bill"
  Liabilities:US:Chase:Slate                       -27.17 USD
  Expenses:Food:Restaurant                          27.17 USD

2016-01-21 * "Onion Market" "Buying groceries"
  Liabilities:US:Chase:Slate                      -116.38 USD
  Expenses:Food:Groceries                          116.38 USD

2016-01-25 * "Metro Transport Authority" "Tram tickets"
  Liabilities:US:Chase:Slate                      -120.00 USD
  Expenses:Transport:Tram                          120.00 USD

2016-01-26 * "Goba Goba" "Eating out with Julie"
  Liabilities:US:Chase:Slate                       -37.60 USD
  Expenses:Food:Restaurant                          37.60 USD

2016-01-27 * "Jewel of Morroco" "Eating out with Joe"
  Liabilities:US:Chase:Slate                       -23.54 USD
  Expenses:Food:Restaurant                          23.54 USD

2016-01-28 * "Kin Soy" "Eating out with work buddies"
  Liabilities:US:Chase:Slate                       -62.83 USD
  Expenses:Food:Restaurant                          62.83 USD

2016-02-02 * "Kin Soy" "Eating out alone"
  Liabilities:US:Chase:Slate                       -25.60 USD
  Expenses:Food:Restaurant                          25.60 USD

2016-02-05 * "Rose Flower" "Eating out with Julie"
  Liabilities:US:Chase:Slate                       -58.77 USD
  Expenses:Food:Restaurant                          58.77 USD

2016-02-05 * "Onion Market" "Buying groceries"
  Liabilities:US:Chase:Slate                       -73.23 USD
  Expenses:Food:Groceries                           73.23 USD

2016-02-06 balance Liabilities:US:Chase:Slate    -2317.76 USD

2016-02-07 * "Uncle Boons" "Eating out "
  Liabilities:US:Chase:Slate                       -19.28 USD
  Expenses:Food:Restaurant                          19.28 USD

2016-02-07 * "Chase:Slate" "Paying off credit card"
  Liabilities:US:Chase:Slate                       636.16 USD
  Assets:US:BofA:Checking                         -636.16 USD

2016-02-11 * "Rose Flower" "Eating out alone"
  Liabilities:US:Chase:Slate                       -75.56 USD
  Expenses:Food:Restaurant                          75.56 USD

2016-02-15 * "Chichipotle" "Eating out "
  Liabilities:US:Chase:Slate                       -25.97 USD
  Expenses:Food:Restaurant                          25.97 USD

2016-02-18 * "Jewel of Morroco" "Eating out alone"
  Liabilities:US:Chase:Slate                       -16.43 USD
  Expenses:Food:Restaurant                          16.43 USD

2016-02-19 * "Uncle Boons" "Eating out alone"
  Liabilities:US:Chase:Slate                       -54.58 USD
  Expenses:Food:Restaurant                          54.58 USD

2016-02-21 * "Goba Goba" "Eating out alone"
  Liabilities:US:Chase:Slate                       -26.76 USD
  Expenses:Food:Restaurant                          26.76 USD

2016-02-21 * "Metro Transport Authority" "Tram tickets"
  Liabilities:US:Chase:Slate                      -120.00 USD
  Expenses:Transport:Tram                          120.00 USD

2016-02-23 * "Rose Flower" "Eating out with Joe"
  Liabilities:US:Chase:Slate                       -18.53 USD
  Expenses:Food:Restaurant                          18.53 USD

2016-02-23 * "Good Moods Market" "Buying groceries"
  Liabilities:US:Chase:Slate                       -61.62 USD
  Expenses:Food:Groceries                           61.62 USD

2016-02-26 * "Uncle Boons" "Eating out alone"
  Liabilities:US:Chase:Slate                       -24.84 USD
  Expenses:Food:Restaurant                          24.84 USD

2016-03-02 balance Liabilities:US:Chase:Slate    -2125.17 USD

2016-03-02 * "Goba Goba" "Eating out "
  Liabilities:US:Chase:Slate                       -51.24 USD
  Expenses:Food:Restaurant                          51.24 USD

2016-03-04 * "Uncle Boons" "Eating out "
  Liabilities:US:Chase:Slate                       -17.78 USD
  Expenses:Food:Restaurant                          17.78 USD

2016-03-07 * "Kin Soy" "Eating out with Julie"
  Liabilities:US:Chase:Slate                       -58.54 USD
  Expenses:Food:Restaurant                          58.54 USD

2016-03-08 * "Chase:Slate" "Paying off credit card"
  Liabilities:US:Chase:Slate                       565.19 USD
  Assets:US:BofA:Checking                         -565.19 USD

2016-03-11 * "Kin Soy" "Eating out with Julie"
  Liabilities:US:Chase:Slate                       -13.34 USD
  Expenses:Food:Restaurant                          13.34 USD

2016-03-12 * "Chichipotle" "Eating out with Joe"
  Liabilities:US:Chase:Slate                       -12.55 USD
  Expenses:Food:Restaurant                          12.55 USD

2016-03-14 * "Corner Deli" "Buying groceries"
  Liabilities:US:Chase:Slate                       -91.28 USD
  Expenses:Food:Groceries                           91.28 USD

2016-03-16 * "Cafe Modagor" "Eating out with Julie"
  Liabilities:US:Chase:Slate                       -21.76 USD
  Expenses:Food:Restaurant                          21.76 USD

2016-03-18 * "Chichipotle" "Eating out with Natasha"
  Liabilities:US:Chase:Slate                       -28.27 USD
  Expenses:Food:Restaurant                          28.27 USD

2016-03-20 * "Cafe Modagor" "Eating out with Natasha"
  Liabilities:US:Chase:Slate                       -56.93 USD
  Expenses:Food:Restaurant                          56.93 USD

2016-03-22 * "China Garden" "Eating out "
  Liabilities:US:Chase:Slate                       -60.95 USD
  Expenses:Food:Restaurant                          60.95 USD

2016-03-25 * "Metro Transport Authority" "Tram tickets"
  Liabilities:US:Chase:Slate                      -120.00 USD
  Expenses:Transport:Tram                          120.00 USD

2016-03-26 * "Goba Goba" "Eating out after work"
  Liabilities:US:Chase:Slate                       -52.64 USD
  Expenses:Food:Restaurant                          52.64 USD

2016-03-29 balance Liabilities:US:Chase:Slate    -2145.26 USD

2016-03-31 event "location" "New York"

2016-04-01 * "Uncle Boons" "" #trip-new-york-2016
  Liabilities:US:Chase:Slate                       -50.27 USD
  Expenses:Food:Restaurant                          50.27 USD

2016-04-01 * "Gimme! Coffee" "" #trip-new-york-2016
  Liabilities:US:Chase:Slate                        -8.15 USD
  Expenses:Food:Coffee                               8.15 USD

2016-04-02 * "Uncle Boons" "" #trip-new-york-2016
  Liabilities:US:Chase:Slate                       -30.92 USD
  Expenses:Food:Restaurant                          30.92 USD

2016-04-02 * "Cafe Select" "" #trip-new-york-2016
  Liabilities:US:Chase:Slate                       -23.86 USD
  Expenses:Food:Restaurant                          23.86 USD

2016-04-02 * "Laut" "" #trip-new-york-2016
  Liabilities:US:Chase:Slate                       -36.34 USD
  Expenses:Food:Restaurant                          36.34 USD

2016-04-04 * "Cafe Select" "" #trip-new-york-2016
  Liabilities:US:Chase:Slate                       -25.35 USD
  Expenses:Food:Restaurant                          25.35 USD

2016-04-04 * "Laut" "" #trip-new-york-2016
  Liabilities:US:Chase:Slate                       -35.98 USD
  Expenses:Food:Restaurant                          35.98 USD

2016-04-04 * "La Colombe" "" #trip-new-york-2016
  Liabilities:US:Chase:Slate                        -8.45 USD
  Expenses:Food:Coffee                               8.45 USD

2016-04-05 * "Uncle Boons" "" #trip-new-york-2016
  Liabilities:US:Chase:Slate                       -28.31 USD
  Expenses:Food:Restaurant                          28.31 USD

2016-04-05 * "Laut" "" #trip-new-york-2016
  Liabilities:US:Chase:Slate                       -31.11 USD
  Expenses:Food:Restaurant                          31.11 USD

2016-04-06 * "Uncle Boons" "" #trip-new-york-2016
  Liabilities:US:Chase:Slate                       -49.25 USD
  Expenses:Food:Restaurant                          49.25 USD

2016-04-06 * "Cafe Select" "" #trip-new-york-2016
  Liabilities:US:Chase:Slate                       -28.42 USD
  Expenses:Food:Restaurant                          28.42 USD

2016-04-06 * "Gimme! Coffee" "" #trip-new-york-2016
  Liabilities:US:Chase:Slate                        -6.46 USD
  Expenses:Food:Coffee                               6.46 USD

2016-04-07 * "Gimme! Coffee" "" #trip-new-york-2016
  Liabilities:US:Chase:Slate                        -8.87 USD
  Expenses:Food:Coffee                               8.87 USD

2016-04-08 * "Uncle Boons" "" #trip-new-york-2016
  Liabilities:US:Chase:Slate                       -43.93 USD
  Expenses:Food:Restaurant                          43.93 USD

2016-04-08 * "Cafe Select" "" #trip-new-york-2016
  Liabilities:US:Chase:Slate                       -30.23 USD
  Expenses:Food:Restaurant                          30.23 USD

2016-04-08 * "La Colombe" "" #trip-new-york-2016
  Liabilities:US:Chase:Slate                        -4.61 USD
  Expenses:Food:Coffee                               4.61 USD

2016-04-09 * "Uncle Boons" "" #trip-new-york-2016
  Liabilities:US:Chase:Slate                       -52.22 USD
  Expenses:Food:Restaurant                          52.22 USD

2016-04-09 * "Gimme! Coffee" "" #trip-new-york-2016
  Liabilities:US:Chase:Slate                        -6.07 USD
  Expenses:Food:Coffee                               6.07 USD

2016-04-10 * "Cafe Select" "" #trip-new-york-2016
  Liabilities:US:Chase:Slate                       -16.39 USD
  Expenses:Food:Restaurant                          16.39 USD

2016-04-10 * "Takahachi" "" #trip-new-york-2016
  Liabilities:US:Chase:Slate                       -53.64 USD
  Expenses:Food:Restaurant                          53.64 USD

2016-04-11 * "Takahachi" "" #trip-new-york-2016
  Liabilities:US:Chase:Slate                       -46.65 USD
  Expenses:Food:Restaurant                          46.65 USD

2016-04-11 * "Laut" "" #trip-new-york-2016
  Liabilities:US:Chase:Slate                       -30.10 USD
  Expenses:Food:Restaurant                          30.10 USD

2016-04-11 * "Chase:Slate" "Paying off credit card"
  Liabilities:US:Chase:Slate                       467.10 USD
  Assets:US:BofA:Checking                         -467.10 USD

2016-04-12 * "Laut" "" #trip-new-york-2016
  Liabilities:US:Chase:Slate                       -30.35 USD
  Expenses:Food:Restaurant                          30.35 USD

2016-04-12 * "Gimme! Coffee" "" #trip-new-york-2016
  Liabilities:US:Chase:Slate                        -8.51 USD
  Expenses:Food:Coffee                               8.51 USD

2016-04-13 * "Cafe Select" "" #trip-new-york-2016
  Liabilities:US:Chase:Slate                       -30.52 USD
  Expenses:Food:Restaurant                          30.52 USD

2016-04-14 * "Laut" "" #trip-new-york-2016
  Liabilities:US:Chase:Slate                       -29.86 USD
  Expenses:Food:Restaurant                          29.86 USD

2016-04-14 * "La Colombe" "" #trip-new-york-2016
  Liabilities:US:Chase:Slate                        -5.86 USD
  Expenses:Food:Coffee                               5.86 USD

2016-04-15 * "Laut" "" #trip-new-york-2016
  Liabilities:US:Chase:Slate                       -28.54 USD
  Expenses:Food:Restaurant                          28.54 USD

2016-04-15 * "Consume vacation days"
  Assets:US:BayBook:Vacation                         -120 VACHR
  Expenses:Vacation                                   120 VACHR

2016-04-15 event "location" "New Metropolis"

2016-04-17 * "Goba Goba" "Eating out with Julie"
  Liabilities:US:Chase:Slate                       -22.72 USD
  Expenses:Food:Restaurant                          22.72 USD

2016-04-19 balance Liabilities:US:Chase:Slate    -2490.10 USD

2016-04-20 * "Rose Flower" "Eating out after work"
  Liabilities:US:Chase:Slate                       -22.13 USD
  Expenses:Food:Restaurant                          22.13 USD

2016-04-21 * "Farmer Fresh" "Buying groceries"
  Liabilities:US:Chase:Slate                       -95.98 USD
  Expenses:Food:Groceries                           95.98 USD

2016-04-24 * "Jewel of Morroco" "Eating out with Bill"
  Liabilities:US:Chase:Slate                       -63.18 USD
  Expenses:Food:Restaurant                          63.18 USD

2016-04-26 * "Uncle Boons" "Eating out alone"
  Liabilities:US:Chase:Slate                       -26.63 USD
  Expenses:Food:Restaurant                          26.63 USD

2016-04-27 * "Chichipotle" "Eating out after work"
  Liabilities:US:Chase:Slate                       -22.01 USD
  Expenses:Food:Restaurant                          22.01 USD

2016-04-27 * "Metro Transport Authority" "Tram tickets"
  Liabilities:US:Chase:Slate                      -120.00 USD
  Expenses:Transport:Tram                          120.00 USD

2016-04-30 * "Kin Soy" "Eating out with Bill"
  Liabilities:US:Chase:Slate                       -21.75 USD
  Expenses:Food:Restaurant                          21.75 USD

2016-05-02 * "Goba Goba" "Eating out with Bill"
  Liabilities:US:Chase:Slate                       -26.87 USD
  Expenses:Food:Restaurant                          26.87 USD

2016-05-03 * "Chichipotle" "Eating out with Joe"
  Liabilities:US:Chase:Slate                       -21.70 USD
  Expenses:Food:Restaurant                          21.70 USD

2016-05-07 * "Jewel of Morroco" "Eating out alone"
  Liabilities:US:Chase:Slate                       -25.30 USD
  Expenses:Food:Restaurant                          25.30 USD

2016-05-19 balance Liabilities:US:Chase:Slate    -2935.65 USD


* Taxable Investments

2014-01-01 open Assets:US:ETrade:Cash                       USD
2014-01-01 open Assets:US:ETrade:ITOT                       ITOT
2014-01-01 open Assets:US:ETrade:VEA                       VEA
2014-01-01 open Assets:US:ETrade:VHT                       VHT
2014-01-01 open Assets:US:ETrade:GLD                       GLD
2014-01-01 open Income:US:ETrade:Gains                      USD
2014-01-01 open Income:US:ETrade:Dividends                  USD

2014-09-18 * "Dividends on portfolio" #test
  Assets:US:ETrade:Cash                              0.00 USD
  Income:US:ETrade:Dividends                         0.00 USD

2014-09-25 * "Buy shares of GLD" #test ^test-link
  Assets:US:ETrade:Cash                          -4908.79 USD
  Assets:US:ETrade:GLD                                 44 GLD {111.36 USD}
  Expenses:Financial:Commissions                     8.95 USD

2014-11-15 * "Buy shares of ITOT" ^test-link
  Assets:US:ETrade:Cash                           -757.39 USD
  Assets:US:ETrade:ITOT                                 9 ITOT {83.16 USD}
  Expenses:Financial:Commissions                     8.95 USD

2014-11-15 * "Buy shares of GLD" ^test-link
  Assets:US:ETrade:Cash                           -779.37 USD
  Assets:US:ETrade:GLD                                  7 GLD {110.06 USD}
  Expenses:Financial:Commissions                     8.95 USD

2014-11-15 * "Buy shares of VEA"
  Assets:US:ETrade:Cash                           -768.75 USD
  Assets:US:ETrade:VEA                                 10 VEA {75.98 USD}
  Expenses:Financial:Commissions                     8.95 USD

2014-11-15 * "Buy shares of VHT"
  Assets:US:ETrade:Cash                           -795.83 USD
  Assets:US:ETrade:VHT                                  8 VHT {98.36 USD}
  Expenses:Financial:Commissions                     8.95 USD

2014-12-03 * "Sell shares of GLD"
  Assets:US:ETrade:GLD                                -44 GLD {111.36 USD} @ 109.13 USD
  Assets:US:ETrade:Cash                           4792.77 USD
  Expenses:Financial:Commissions                     8.95 USD
  Income:US:ETrade:Gains                            98.12 USD

2014-12-08 * "Buy shares of VHT"
  Assets:US:ETrade:Cash                          -1247.71 USD
  Assets:US:ETrade:VHT                                 12 VHT {103.23 USD}
  Expenses:Financial:Commissions                     8.95 USD

2014-12-08 * "Buy shares of VEA"
  Assets:US:ETrade:Cash                          -1237.37 USD
  Assets:US:ETrade:VEA                                 17 VEA {72.26 USD}
  Expenses:Financial:Commissions                     8.95 USD

2014-12-08 * "Buy shares of ITOT"
  Assets:US:ETrade:Cash                          -1300.31 USD
  Assets:US:ETrade:ITOT                                16 ITOT {80.71 USD}
  Expenses:Financial:Commissions                     8.95 USD

2014-12-08 * "Buy shares of GLD"
  Assets:US:ETrade:Cash                          -1206.08 USD
  Assets:US:ETrade:GLD                                 11 GLD {108.83 USD}
  Expenses:Financial:Commissions                     8.95 USD

2014-12-17 * "Dividends on portfolio"
  Assets:US:ETrade:Cash                             51.68 USD
  Income:US:ETrade:Dividends                       -51.68 USD

2015-03-18 * "Dividends on portfolio"
  Assets:US:ETrade:Cash                             51.68 USD
  Income:US:ETrade:Dividends                       -51.68 USD

2015-06-13 * "Sell shares of VEA"
  Assets:US:ETrade:VEA                                -10 VEA {75.98 USD} @ 75.94 USD
  Assets:US:ETrade:Cash                            750.45 USD
  Expenses:Financial:Commissions                     8.95 USD
  Income:US:ETrade:Gains                             0.40 USD

2015-06-14 * "Buy shares of ITOT"
  Assets:US:ETrade:Cash                           -176.39 USD
  Assets:US:ETrade:ITOT                                 2 ITOT {83.72 USD}
  Expenses:Financial:Commissions                     8.95 USD

2015-06-14 * "Buy shares of VHT"
  Assets:US:ETrade:Cash                           -121.94 USD
  Assets:US:ETrade:VHT                                  1 VHT {112.99 USD}
  Expenses:Financial:Commissions                     8.95 USD

2015-06-14 * "Buy shares of GLD"
  Assets:US:ETrade:Cash                           -124.79 USD
  Assets:US:ETrade:GLD                                  1 GLD {115.84 USD}
  Expenses:Financial:Commissions                     8.95 USD

2015-06-14 * "Buy shares of VEA"
  Assets:US:ETrade:Cash                           -160.83 USD
  Assets:US:ETrade:VEA                                  2 VEA {75.94 USD}
  Expenses:Financial:Commissions                     8.95 USD

2015-06-18 * "Dividends on portfolio"
  Assets:US:ETrade:Cash                             53.88 USD
  Income:US:ETrade:Dividends                       -53.88 USD

2015-09-06 * "Buy shares of VEA"
  Assets:US:ETrade:Cash                           -854.63 USD
  Assets:US:ETrade:VEA                                 11 VEA {76.88 USD}
  Expenses:Financial:Commissions                     8.95 USD

2015-09-06 * "Buy shares of VHT"
  Assets:US:ETrade:Cash                           -799.88 USD
  Assets:US:ETrade:VHT                                  7 VHT {112.99 USD}
  Expenses:Financial:Commissions                     8.95 USD

2015-09-06 * "Buy shares of ITOT"
  Assets:US:ETrade:Cash                           -876.05 USD
  Assets:US:ETrade:ITOT                                10 ITOT {86.71 USD}
  Expenses:Financial:Commissions                     8.95 USD

2015-09-06 * "Buy shares of GLD"
  Assets:US:ETrade:Cash                           -860.07 USD
  Assets:US:ETrade:GLD                                  8 GLD {106.39 USD}
  Expenses:Financial:Commissions                     8.95 USD

2015-09-18 * "Dividends on portfolio"
  Assets:US:ETrade:Cash                             67.30 USD
  Income:US:ETrade:Dividends                       -67.30 USD

2015-10-11 * "Buy shares of VEA"
  Assets:US:ETrade:Cash                          -1095.77 USD
  Assets:US:ETrade:VEA                                 14 VEA {77.63 USD}
  Expenses:Financial:Commissions                     8.95 USD

2015-10-11 * "Buy shares of ITOT"
  Assets:US:ETrade:Cash                          -1024.99 USD
  Assets:US:ETrade:ITOT                                12 ITOT {84.67 USD}
  Expenses:Financial:Commissions                     8.95 USD

2015-10-11 * "Buy shares of VHT"
  Assets:US:ETrade:Cash                          -1011.28 USD
  Assets:US:ETrade:VHT                                  9 VHT {111.37 USD}
  Expenses:Financial:Commissions                     8.95 USD

2015-10-11 * "Buy shares of GLD"
  Assets:US:ETrade:Cash                          -1038.25 USD
  Assets:US:ETrade:GLD                                 10 GLD {102.93 USD}
  Expenses:Financial:Commissions                     8.95 USD

2015-10-27 * "Sell shares of GLD"
  Assets:US:ETrade:GLD                                -11 GLD {108.83 USD} @ 100.47 USD
  Assets:US:ETrade:Cash                           1096.22 USD
  Expenses:Financial:Commissions                     8.95 USD
  Income:US:ETrade:Gains                            91.96 USD

2015-11-11 * "Sell shares of ITOT"
  Assets:US:ETrade:ITOT                               -16 ITOT {80.71 USD} @ 86.47 USD
  Assets:US:ETrade:Cash                           1374.57 USD
  Expenses:Financial:Commissions                     8.95 USD
  Income:US:ETrade:Gains                           -92.16 USD

2015-11-23 * "Buy shares of VEA"
  Assets:US:ETrade:Cash                          -2183.43 USD
  Assets:US:ETrade:VEA                                 28 VEA {77.66 USD}
  Expenses:Financial:Commissions                     8.95 USD

2015-11-23 * "Buy shares of VHT"
  Assets:US:ETrade:Cash                          -2189.75 USD
  Assets:US:ETrade:VHT                                 20 VHT {109.04 USD}
  Expenses:Financial:Commissions                     8.95 USD

2015-11-23 * "Buy shares of ITOT"
  Assets:US:ETrade:Cash                          -2182.45 USD
  Assets:US:ETrade:ITOT                                25 ITOT {86.94 USD}
  Expenses:Financial:Commissions                     8.95 USD

2015-12-17 * "Dividends on portfolio"
  Assets:US:ETrade:Cash                            109.95 USD
  Income:US:ETrade:Dividends                      -109.95 USD

2015-12-20 * "Sell shares of VHT"
  Assets:US:ETrade:VHT                                 -8 VHT {98.36 USD} @ 108.62 USD
  Assets:US:ETrade:Cash                            860.01 USD
  Expenses:Financial:Commissions                     8.95 USD
  Income:US:ETrade:Gains                           -82.08 USD

2015-12-23 * "Sell shares of VEA"
  Assets:US:ETrade:VEA                                -17 VEA {72.26 USD} @ 76.94 USD
  Assets:US:ETrade:Cash                           1299.03 USD
  Expenses:Financial:Commissions                     8.95 USD
  Income:US:ETrade:Gains                           -79.56 USD

2015-12-27 * "Buy shares of GLD"
  Assets:US:ETrade:Cash                          -1113.90 USD
  Assets:US:ETrade:GLD                                 11 GLD {100.45 USD}
  Expenses:Financial:Commissions                     8.95 USD

2015-12-27 * "Buy shares of VEA"
  Assets:US:ETrade:Cash                          -1182.40 USD
  Assets:US:ETrade:VEA                                 15 VEA {78.23 USD}
  Expenses:Financial:Commissions                     8.95 USD

2016-01-23 * "Sell shares of GLD"
  Assets:US:ETrade:GLD                                 -7 GLD {110.06 USD} @ 100.62 USD
  Assets:US:ETrade:Cash                            695.39 USD
  Expenses:Financial:Commissions                     8.95 USD
  Income:US:ETrade:Gains                            66.08 USD

2016-03-17 * "Dividends on portfolio"
  Assets:US:ETrade:Cash                            119.06 USD
  Income:US:ETrade:Dividends                      -119.06 USD

2016-04-30 * "Buy shares of GLD"
  Assets:US:ETrade:Cash                          -1807.72 USD
  Assets:US:ETrade:GLD                                 17 GLD {105.81 USD}
  Expenses:Financial:Commissions                     8.95 USD

2016-04-30 * "Buy shares of VEA"
  Assets:US:ETrade:Cash                          -1874.11 USD
  Assets:US:ETrade:VEA                                 22 VEA {84.78 USD}
  Expenses:Financial:Commissions                     8.95 USD



* Vanguard Investments

2014-01-01 open Assets:US:Vanguard:VBMPX                     VBMPX
  number: "882882"
2014-01-01 open Assets:US:Vanguard:RGAGX                     RGAGX
  number: "882882"
2014-01-01 open Assets:US:Vanguard                            USD
  address: "P.O. Box 1110, Valley Forge, PA 19482-1110"
  institution: "Vanguard Group"
  phone: "+1.800.523.1188"
2014-01-01 open Income:US:BayBook:Match401k                   USD
2014-01-01 open Assets:US:Vanguard:Cash                       USD
  number: "882882"

2014-01-03 * "Employer match for contribution"
  Assets:US:Vanguard:Cash                          600.00 USD
  Income:US:BayBook:Match401k                     -600.00 USD

2014-01-06 * "Investing 40% of cash in VBMPX"
  Assets:US:Vanguard:VBMPX                         14.643 VBMPX {32.78 USD}
  Assets:US:Vanguard:Cash                         -480.00 USD

2014-01-06 * "Investing 60% of cash in RGAGX"
  Assets:US:Vanguard:RGAGX                          7.763 RGAGX {92.75 USD}
  Assets:US:Vanguard:Cash                         -720.02 USD

2014-01-06 * "Investing 40% of cash in VBMPX"
  Assets:US:Vanguard:VBMPX                          7.321 VBMPX {32.78 USD}
  Assets:US:Vanguard:Cash                         -239.98 USD

2014-01-06 * "Investing 60% of cash in RGAGX"
  Assets:US:Vanguard:RGAGX                          3.881 RGAGX {92.75 USD}
  Assets:US:Vanguard:Cash                         -359.96 USD

2014-01-17 * "Employer match for contribution"
  Assets:US:Vanguard:Cash                          600.00 USD
  Income:US:BayBook:Match401k                     -600.00 USD

2014-01-20 * "Investing 40% of cash in VBMPX"
  Assets:US:Vanguard:VBMPX                         14.480 VBMPX {33.15 USD}
  Assets:US:Vanguard:Cash                         -480.01 USD

2014-01-20 * "Investing 60% of cash in RGAGX"
  Assets:US:Vanguard:RGAGX                          7.816 RGAGX {92.12 USD}
  Assets:US:Vanguard:Cash                         -720.01 USD

2014-01-20 * "Investing 40% of cash in VBMPX"
  Assets:US:Vanguard:VBMPX                          7.240 VBMPX {33.15 USD}
  Assets:US:Vanguard:Cash                         -240.01 USD

2014-01-20 * "Investing 60% of cash in RGAGX"
  Assets:US:Vanguard:RGAGX                          3.908 RGAGX {92.12 USD}
  Assets:US:Vanguard:Cash                         -360.00 USD

2014-01-31 * "Employer match for contribution"
  Assets:US:Vanguard:Cash                          600.00 USD
  Income:US:BayBook:Match401k                     -600.00 USD

2014-02-03 * "Investing 40% of cash in VBMPX"
  Assets:US:Vanguard:VBMPX                         14.248 VBMPX {33.69 USD}
  Assets:US:Vanguard:Cash                         -480.02 USD

2014-02-03 * "Investing 60% of cash in RGAGX"
  Assets:US:Vanguard:RGAGX                          7.856 RGAGX {91.65 USD}
  Assets:US:Vanguard:Cash                         -720.00 USD

2014-02-03 * "Investing 40% of cash in VBMPX"
  Assets:US:Vanguard:VBMPX                          7.124 VBMPX {33.69 USD}
  Assets:US:Vanguard:Cash                         -240.01 USD

2014-02-03 * "Investing 60% of cash in RGAGX"
  Assets:US:Vanguard:RGAGX                          3.928 RGAGX {91.65 USD}
  Assets:US:Vanguard:Cash                         -360.00 USD

2014-02-14 * "Employer match for contribution"
  Assets:US:Vanguard:Cash                          600.00 USD
  Income:US:BayBook:Match401k                     -600.00 USD

2014-02-17 * "Investing 40% of cash in VBMPX"
  Assets:US:Vanguard:VBMPX                         14.532 VBMPX {33.03 USD}
  Assets:US:Vanguard:Cash                         -479.99 USD

2014-02-17 * "Investing 60% of cash in RGAGX"
  Assets:US:Vanguard:RGAGX                          7.729 RGAGX {93.16 USD}
  Assets:US:Vanguard:Cash                         -720.03 USD

2014-02-17 * "Investing 40% of cash in VBMPX"
  Assets:US:Vanguard:VBMPX                          7.266 VBMPX {33.03 USD}
  Assets:US:Vanguard:Cash                         -240.00 USD

2014-02-17 * "Investing 60% of cash in RGAGX"
  Assets:US:Vanguard:RGAGX                          3.864 RGAGX {93.16 USD}
  Assets:US:Vanguard:Cash                         -359.97 USD

2014-02-28 * "Employer match for contribution"
  Assets:US:Vanguard:Cash                          600.00 USD
  Income:US:BayBook:Match401k                     -600.00 USD

2014-03-03 * "Investing 40% of cash in VBMPX"
  Assets:US:Vanguard:VBMPX                         14.674 VBMPX {32.71 USD}
  Assets:US:Vanguard:Cash                         -479.99 USD

2014-03-03 * "Investing 60% of cash in RGAGX"
  Assets:US:Vanguard:RGAGX                          7.691 RGAGX {93.62 USD}
  Assets:US:Vanguard:Cash                         -720.03 USD

2014-03-03 * "Investing 40% of cash in VBMPX"
  Assets:US:Vanguard:VBMPX                          7.337 VBMPX {32.71 USD}
  Assets:US:Vanguard:Cash                         -239.99 USD

2014-03-03 * "Investing 60% of cash in RGAGX"
  Assets:US:Vanguard:RGAGX                          3.845 RGAGX {93.62 USD}
  Assets:US:Vanguard:Cash                         -359.97 USD

2014-03-14 * "Employer match for contribution"
  Assets:US:Vanguard:Cash                          600.00 USD
  Income:US:BayBook:Match401k                     -600.00 USD

2014-03-17 * "Investing 40% of cash in VBMPX"
  Assets:US:Vanguard:VBMPX                         14.769 VBMPX {32.50 USD}
  Assets:US:Vanguard:Cash                         -479.99 USD

2014-03-17 * "Investing 60% of cash in RGAGX"
  Assets:US:Vanguard:RGAGX                          7.588 RGAGX {94.89 USD}
  Assets:US:Vanguard:Cash                         -720.03 USD

2014-03-17 * "Investing 40% of cash in VBMPX"
  Assets:US:Vanguard:VBMPX                          7.384 VBMPX {32.50 USD}
  Assets:US:Vanguard:Cash                         -239.98 USD

2014-03-17 * "Investing 60% of cash in RGAGX"
  Assets:US:Vanguard:RGAGX                          3.794 RGAGX {94.89 USD}
  Assets:US:Vanguard:Cash                         -360.01 USD

2014-03-28 * "Employer match for contribution"
  Assets:US:Vanguard:Cash                          600.00 USD
  Income:US:BayBook:Match401k                     -600.00 USD

2014-03-31 * "Investing 40% of cash in VBMPX"
  Assets:US:Vanguard:VBMPX                         14.599 VBMPX {32.88 USD}
  Assets:US:Vanguard:Cash                         -480.02 USD

2014-03-31 * "Investing 60% of cash in RGAGX"
  Assets:US:Vanguard:RGAGX                          7.401 RGAGX {97.28 USD}
  Assets:US:Vanguard:Cash                         -719.97 USD

2014-03-31 * "Investing 40% of cash in VBMPX"
  Assets:US:Vanguard:VBMPX                          7.299 VBMPX {32.88 USD}
  Assets:US:Vanguard:Cash                         -239.99 USD

2014-03-31 * "Investing 60% of cash in RGAGX"
  Assets:US:Vanguard:RGAGX                          3.701 RGAGX {97.28 USD}
  Assets:US:Vanguard:Cash                         -360.03 USD

2014-04-11 * "Employer match for contribution"
  Assets:US:Vanguard:Cash                          600.00 USD
  Income:US:BayBook:Match401k                     -600.00 USD

2014-04-14 * "Investing 40% of cash in VBMPX"
  Assets:US:Vanguard:VBMPX                         14.710 VBMPX {32.63 USD}
  Assets:US:Vanguard:Cash                         -479.99 USD

2014-04-14 * "Investing 60% of cash in RGAGX"
  Assets:US:Vanguard:RGAGX                          7.273 RGAGX {98.99 USD}
  Assets:US:Vanguard:Cash                         -719.95 USD

2014-04-14 * "Investing 40% of cash in VBMPX"
  Assets:US:Vanguard:VBMPX                          7.356 VBMPX {32.63 USD}
  Assets:US:Vanguard:Cash                         -240.03 USD

2014-04-14 * "Investing 60% of cash in RGAGX"
  Assets:US:Vanguard:RGAGX                          3.637 RGAGX {98.99 USD}
  Assets:US:Vanguard:Cash                         -360.03 USD

2014-04-25 * "Employer match for contribution"
  Assets:US:Vanguard:Cash                          600.00 USD
  Income:US:BayBook:Match401k                     -600.00 USD

2014-04-28 * "Investing 40% of cash in VBMPX"
  Assets:US:Vanguard:VBMPX                         14.815 VBMPX {32.40 USD}
  Assets:US:Vanguard:Cash                         -480.01 USD

2014-04-28 * "Investing 60% of cash in RGAGX"
  Assets:US:Vanguard:RGAGX                          7.349 RGAGX {97.97 USD}
  Assets:US:Vanguard:Cash                         -719.98 USD

2014-04-28 * "Investing 40% of cash in VBMPX"
  Assets:US:Vanguard:VBMPX                          7.407 VBMPX {32.40 USD}
  Assets:US:Vanguard:Cash                         -239.99 USD

2014-04-28 * "Investing 60% of cash in RGAGX"
  Assets:US:Vanguard:RGAGX                          3.675 RGAGX {97.97 USD}
  Assets:US:Vanguard:Cash                         -360.04 USD

2014-05-09 * "Employer match for contribution"
  Assets:US:Vanguard:Cash                          600.00 USD
  Income:US:BayBook:Match401k                     -600.00 USD

2014-05-12 * "Investing 40% of cash in VBMPX"
  Assets:US:Vanguard:VBMPX                         14.737 VBMPX {32.57 USD}
  Assets:US:Vanguard:Cash                         -479.98 USD

2014-05-12 * "Investing 60% of cash in RGAGX"
  Assets:US:Vanguard:RGAGX                          7.301 RGAGX {98.62 USD}
  Assets:US:Vanguard:Cash                         -720.02 USD

2014-05-12 * "Investing 40% of cash in VBMPX"
  Assets:US:Vanguard:VBMPX                          7.368 VBMPX {32.57 USD}
  Assets:US:Vanguard:Cash                         -239.98 USD

2014-05-12 * "Investing 60% of cash in RGAGX"
  Assets:US:Vanguard:RGAGX                          3.650 RGAGX {98.62 USD}
  Assets:US:Vanguard:Cash                         -359.96 USD

2014-05-23 * "Employer match for contribution"
  Assets:US:Vanguard:Cash                          600.00 USD
  Income:US:BayBook:Match401k                     -600.00 USD

2014-05-26 * "Investing 40% of cash in VBMPX"
  Assets:US:Vanguard:VBMPX                         14.977 VBMPX {32.05 USD}
  Assets:US:Vanguard:Cash                         -480.01 USD

2014-05-26 * "Investing 60% of cash in RGAGX"
  Assets:US:Vanguard:RGAGX                          7.144 RGAGX {100.79 USD}
  Assets:US:Vanguard:Cash                         -720.04 USD

2014-05-26 * "Investing 40% of cash in VBMPX"
  Assets:US:Vanguard:VBMPX                          7.488 VBMPX {32.05 USD}
  Assets:US:Vanguard:Cash                         -239.99 USD

2014-05-26 * "Investing 60% of cash in RGAGX"
  Assets:US:Vanguard:RGAGX                          3.572 RGAGX {100.79 USD}
  Assets:US:Vanguard:Cash                         -360.02 USD

2014-06-06 * "Employer match for contribution"
  Assets:US:Vanguard:Cash                          600.00 USD
  Income:US:BayBook:Match401k                     -600.00 USD

2014-06-09 * "Investing 40% of cash in VBMPX"
  Assets:US:Vanguard:VBMPX                         15.399 VBMPX {31.17 USD}
  Assets:US:Vanguard:Cash                         -479.99 USD

2014-06-09 * "Investing 60% of cash in RGAGX"
  Assets:US:Vanguard:RGAGX                          7.121 RGAGX {101.10 USD}
  Assets:US:Vanguard:Cash                         -719.93 USD

2014-06-09 * "Investing 40% of cash in VBMPX"
  Assets:US:Vanguard:VBMPX                          7.700 VBMPX {31.17 USD}
  Assets:US:Vanguard:Cash                         -240.01 USD

2014-06-09 * "Investing 60% of cash in RGAGX"
  Assets:US:Vanguard:RGAGX                          3.561 RGAGX {101.10 USD}
  Assets:US:Vanguard:Cash                         -360.02 USD

2014-06-20 * "Employer match for contribution"
  Assets:US:Vanguard:Cash                          600.00 USD
  Income:US:BayBook:Match401k                     -600.00 USD

2014-06-23 * "Investing 40% of cash in VBMPX"
  Assets:US:Vanguard:VBMPX                         15.454 VBMPX {31.06 USD}
  Assets:US:Vanguard:Cash                         -480.00 USD

2014-06-23 * "Investing 60% of cash in RGAGX"
  Assets:US:Vanguard:RGAGX                          7.330 RGAGX {98.23 USD}
  Assets:US:Vanguard:Cash                         -720.03 USD

2014-06-23 * "Investing 40% of cash in VBMPX"
  Assets:US:Vanguard:VBMPX                          7.727 VBMPX {31.06 USD}
  Assets:US:Vanguard:Cash                         -240.00 USD

2014-06-23 * "Investing 60% of cash in RGAGX"
  Assets:US:Vanguard:RGAGX                          3.665 RGAGX {98.23 USD}
  Assets:US:Vanguard:Cash                         -360.01 USD

2014-07-04 * "Employer match for contribution"
  Assets:US:Vanguard:Cash                          600.00 USD
  Income:US:BayBook:Match401k                     -600.00 USD

2014-07-07 * "Investing 40% of cash in VBMPX"
  Assets:US:Vanguard:VBMPX                         15.375 VBMPX {31.22 USD}
  Assets:US:Vanguard:Cash                         -480.01 USD

2014-07-07 * "Investing 60% of cash in RGAGX"
  Assets:US:Vanguard:RGAGX                          7.383 RGAGX {97.52 USD}
  Assets:US:Vanguard:Cash                         -719.99 USD

2014-07-07 * "Investing 40% of cash in VBMPX"
  Assets:US:Vanguard:VBMPX                          7.687 VBMPX {31.22 USD}
  Assets:US:Vanguard:Cash                         -239.99 USD

2014-07-07 * "Investing 60% of cash in RGAGX"
  Assets:US:Vanguard:RGAGX                          3.691 RGAGX {97.52 USD}
  Assets:US:Vanguard:Cash                         -359.95 USD

2014-07-18 * "Employer match for contribution"
  Assets:US:Vanguard:Cash                          350.00 USD
  Income:US:BayBook:Match401k                     -350.00 USD

2014-07-21 * "Investing 40% of cash in VBMPX"
  Assets:US:Vanguard:VBMPX                          8.918 VBMPX {31.40 USD}
  Assets:US:Vanguard:Cash                         -280.03 USD

2014-07-21 * "Investing 60% of cash in RGAGX"
  Assets:US:Vanguard:RGAGX                          4.344 RGAGX {96.70 USD}
  Assets:US:Vanguard:Cash                         -420.06 USD

2014-07-21 * "Investing 40% of cash in VBMPX"
  Assets:US:Vanguard:VBMPX                          4.458 VBMPX {31.40 USD}
  Assets:US:Vanguard:Cash                         -139.98 USD

2014-07-21 * "Investing 60% of cash in RGAGX"
  Assets:US:Vanguard:RGAGX                          2.171 RGAGX {96.70 USD}
  Assets:US:Vanguard:Cash                         -209.94 USD

2015-01-02 * "Employer match for contribution"
  Assets:US:Vanguard:Cash                          600.00 USD
  Income:US:BayBook:Match401k                     -600.00 USD

2015-01-05 * "Investing 40% of cash in VBMPX"
  Assets:US:Vanguard:VBMPX                         17.168 VBMPX {27.96 USD}
  Assets:US:Vanguard:Cash                         -480.02 USD

2015-01-05 * "Investing 60% of cash in RGAGX"
  Assets:US:Vanguard:RGAGX                          6.683 RGAGX {107.74 USD}
  Assets:US:Vanguard:Cash                         -720.03 USD

2015-01-05 * "Investing 40% of cash in VBMPX"
  Assets:US:Vanguard:VBMPX                          8.583 VBMPX {27.96 USD}
  Assets:US:Vanguard:Cash                         -239.98 USD

2015-01-05 * "Investing 60% of cash in RGAGX"
  Assets:US:Vanguard:RGAGX                          3.341 RGAGX {107.74 USD}
  Assets:US:Vanguard:Cash                         -359.96 USD

2015-01-16 * "Employer match for contribution"
  Assets:US:Vanguard:Cash                          600.00 USD
  Income:US:BayBook:Match401k                     -600.00 USD

2015-01-19 * "Investing 40% of cash in VBMPX"
  Assets:US:Vanguard:VBMPX                         17.168 VBMPX {27.96 USD}
  Assets:US:Vanguard:Cash                         -480.02 USD

2015-01-19 * "Investing 60% of cash in RGAGX"
  Assets:US:Vanguard:RGAGX                          6.788 RGAGX {106.08 USD}
  Assets:US:Vanguard:Cash                         -720.07 USD

2015-01-19 * "Investing 40% of cash in VBMPX"
  Assets:US:Vanguard:VBMPX                          8.583 VBMPX {27.96 USD}
  Assets:US:Vanguard:Cash                         -239.98 USD

2015-01-19 * "Investing 60% of cash in RGAGX"
  Assets:US:Vanguard:RGAGX                          3.393 RGAGX {106.08 USD}
  Assets:US:Vanguard:Cash                         -359.93 USD

2015-01-30 * "Employer match for contribution"
  Assets:US:Vanguard:Cash                          600.00 USD
  Income:US:BayBook:Match401k                     -600.00 USD

2015-02-02 * "Investing 40% of cash in VBMPX"
  Assets:US:Vanguard:VBMPX                         17.641 VBMPX {27.21 USD}
  Assets:US:Vanguard:Cash                         -480.01 USD

2015-02-02 * "Investing 60% of cash in RGAGX"
  Assets:US:Vanguard:RGAGX                          6.540 RGAGX {110.09 USD}
  Assets:US:Vanguard:Cash                         -719.99 USD

2015-02-02 * "Investing 40% of cash in VBMPX"
  Assets:US:Vanguard:VBMPX                          8.821 VBMPX {27.21 USD}
  Assets:US:Vanguard:Cash                         -240.02 USD

2015-02-02 * "Investing 60% of cash in RGAGX"
  Assets:US:Vanguard:RGAGX                          3.270 RGAGX {110.09 USD}
  Assets:US:Vanguard:Cash                         -359.99 USD

2015-02-13 * "Employer match for contribution"
  Assets:US:Vanguard:Cash                          600.00 USD
  Income:US:BayBook:Match401k                     -600.00 USD

2015-02-16 * "Investing 40% of cash in VBMPX"
  Assets:US:Vanguard:VBMPX                         17.254 VBMPX {27.82 USD}
  Assets:US:Vanguard:Cash                         -480.01 USD

2015-02-16 * "Investing 60% of cash in RGAGX"
  Assets:US:Vanguard:RGAGX                          6.337 RGAGX {113.62 USD}
  Assets:US:Vanguard:Cash                         -720.01 USD

2015-02-16 * "Investing 40% of cash in VBMPX"
  Assets:US:Vanguard:VBMPX                          8.627 VBMPX {27.82 USD}
  Assets:US:Vanguard:Cash                         -240.00 USD

2015-02-16 * "Investing 60% of cash in RGAGX"
  Assets:US:Vanguard:RGAGX                          3.169 RGAGX {113.62 USD}
  Assets:US:Vanguard:Cash                         -360.06 USD

2015-02-27 * "Employer match for contribution"
  Assets:US:Vanguard:Cash                          600.00 USD
  Income:US:BayBook:Match401k                     -600.00 USD

2015-03-02 * "Investing 40% of cash in VBMPX"
  Assets:US:Vanguard:VBMPX                         17.711 VBMPX {27.10 USD}
  Assets:US:Vanguard:Cash                         -479.97 USD

2015-03-02 * "Investing 60% of cash in RGAGX"
  Assets:US:Vanguard:RGAGX                          6.377 RGAGX {112.90 USD}
  Assets:US:Vanguard:Cash                         -719.96 USD

2015-03-02 * "Investing 40% of cash in VBMPX"
  Assets:US:Vanguard:VBMPX                          8.856 VBMPX {27.10 USD}
  Assets:US:Vanguard:Cash                         -240.00 USD

2015-03-02 * "Investing 60% of cash in RGAGX"
  Assets:US:Vanguard:RGAGX                          3.189 RGAGX {112.90 USD}
  Assets:US:Vanguard:Cash                         -360.04 USD

2015-03-13 * "Employer match for contribution"
  Assets:US:Vanguard:Cash                          600.00 USD
  Income:US:BayBook:Match401k                     -600.00 USD

2015-03-16 * "Investing 40% of cash in VBMPX"
  Assets:US:Vanguard:VBMPX                         18.004 VBMPX {26.66 USD}
  Assets:US:Vanguard:Cash                         -479.99 USD

2015-03-16 * "Investing 60% of cash in RGAGX"
  Assets:US:Vanguard:RGAGX                          6.190 RGAGX {116.31 USD}
  Assets:US:Vanguard:Cash                         -719.96 USD

2015-03-16 * "Investing 40% of cash in VBMPX"
  Assets:US:Vanguard:VBMPX                          9.003 VBMPX {26.66 USD}
  Assets:US:Vanguard:Cash                         -240.02 USD

2015-03-16 * "Investing 60% of cash in RGAGX"
  Assets:US:Vanguard:RGAGX                          3.095 RGAGX {116.31 USD}
  Assets:US:Vanguard:Cash                         -359.98 USD

2015-03-27 * "Employer match for contribution"
  Assets:US:Vanguard:Cash                          600.00 USD
  Income:US:BayBook:Match401k                     -600.00 USD

2015-03-30 * "Investing 40% of cash in VBMPX"
  Assets:US:Vanguard:VBMPX                         18.052 VBMPX {26.59 USD}
  Assets:US:Vanguard:Cash                         -480.00 USD

2015-03-30 * "Investing 60% of cash in RGAGX"
  Assets:US:Vanguard:RGAGX                          6.061 RGAGX {118.80 USD}
  Assets:US:Vanguard:Cash                         -720.05 USD

2015-03-30 * "Investing 40% of cash in VBMPX"
  Assets:US:Vanguard:VBMPX                          9.026 VBMPX {26.59 USD}
  Assets:US:Vanguard:Cash                         -240.00 USD

2015-03-30 * "Investing 60% of cash in RGAGX"
  Assets:US:Vanguard:RGAGX                          3.030 RGAGX {118.80 USD}
  Assets:US:Vanguard:Cash                         -359.96 USD

2015-04-10 * "Employer match for contribution"
  Assets:US:Vanguard:Cash                          600.00 USD
  Income:US:BayBook:Match401k                     -600.00 USD

2015-04-13 * "Investing 40% of cash in VBMPX"
  Assets:US:Vanguard:VBMPX                         17.628 VBMPX {27.23 USD}
  Assets:US:Vanguard:Cash                         -480.01 USD

2015-04-13 * "Investing 60% of cash in RGAGX"
  Assets:US:Vanguard:RGAGX                          6.098 RGAGX {118.08 USD}
  Assets:US:Vanguard:Cash                         -720.05 USD

2015-04-13 * "Investing 40% of cash in VBMPX"
  Assets:US:Vanguard:VBMPX                          8.813 VBMPX {27.23 USD}
  Assets:US:Vanguard:Cash                         -239.98 USD

2015-04-13 * "Investing 60% of cash in RGAGX"
  Assets:US:Vanguard:RGAGX                          3.049 RGAGX {118.08 USD}
  Assets:US:Vanguard:Cash                         -360.03 USD

2015-04-24 * "Employer match for contribution"
  Assets:US:Vanguard:Cash                          600.00 USD
  Income:US:BayBook:Match401k                     -600.00 USD

2015-04-27 * "Investing 40% of cash in VBMPX"
  Assets:US:Vanguard:VBMPX                         18.188 VBMPX {26.39 USD}
  Assets:US:Vanguard:Cash                         -479.98 USD

2015-04-27 * "Investing 60% of cash in RGAGX"
  Assets:US:Vanguard:RGAGX                          6.102 RGAGX {117.99 USD}
  Assets:US:Vanguard:Cash                         -719.97 USD

2015-04-27 * "Investing 40% of cash in VBMPX"
  Assets:US:Vanguard:VBMPX                          9.094 VBMPX {26.39 USD}
  Assets:US:Vanguard:Cash                         -239.99 USD

2015-04-27 * "Investing 60% of cash in RGAGX"
  Assets:US:Vanguard:RGAGX                          3.051 RGAGX {117.99 USD}
  Assets:US:Vanguard:Cash                         -359.99 USD

2015-05-08 * "Employer match for contribution"
  Assets:US:Vanguard:Cash                          600.00 USD
  Income:US:BayBook:Match401k                     -600.00 USD

2015-05-11 * "Investing 40% of cash in VBMPX"
  Assets:US:Vanguard:VBMPX                         18.107 VBMPX {26.51 USD}
  Assets:US:Vanguard:Cash                         -480.02 USD

2015-05-11 * "Investing 60% of cash in RGAGX"
  Assets:US:Vanguard:RGAGX                          5.999 RGAGX {120.02 USD}
  Assets:US:Vanguard:Cash                         -720.00 USD

2015-05-11 * "Investing 40% of cash in VBMPX"
  Assets:US:Vanguard:VBMPX                          9.053 VBMPX {26.51 USD}
  Assets:US:Vanguard:Cash                         -240.00 USD

2015-05-11 * "Investing 60% of cash in RGAGX"
  Assets:US:Vanguard:RGAGX                          3.000 RGAGX {120.02 USD}
  Assets:US:Vanguard:Cash                         -360.06 USD

2015-05-22 * "Employer match for contribution"
  Assets:US:Vanguard:Cash                          600.00 USD
  Income:US:BayBook:Match401k                     -600.00 USD

2015-05-25 * "Investing 40% of cash in VBMPX"
  Assets:US:Vanguard:VBMPX                         18.510 VBMPX {25.93 USD}
  Assets:US:Vanguard:Cash                         -479.96 USD

2015-05-25 * "Investing 60% of cash in RGAGX"
  Assets:US:Vanguard:RGAGX                          5.958 RGAGX {120.84 USD}
  Assets:US:Vanguard:Cash                         -719.96 USD

2015-05-25 * "Investing 40% of cash in VBMPX"
  Assets:US:Vanguard:VBMPX                          9.256 VBMPX {25.93 USD}
  Assets:US:Vanguard:Cash                         -240.01 USD

2015-05-25 * "Investing 60% of cash in RGAGX"
  Assets:US:Vanguard:RGAGX                          2.979 RGAGX {120.84 USD}
  Assets:US:Vanguard:Cash                         -359.98 USD

2015-06-05 * "Employer match for contribution"
  Assets:US:Vanguard:Cash                          600.00 USD
  Income:US:BayBook:Match401k                     -600.00 USD

2015-06-08 * "Investing 40% of cash in VBMPX"
  Assets:US:Vanguard:VBMPX                         18.795 VBMPX {25.54 USD}
  Assets:US:Vanguard:Cash                         -480.02 USD

2015-06-08 * "Investing 60% of cash in RGAGX"
  Assets:US:Vanguard:RGAGX                          5.753 RGAGX {125.15 USD}
  Assets:US:Vanguard:Cash                         -719.99 USD

2015-06-08 * "Investing 40% of cash in VBMPX"
  Assets:US:Vanguard:VBMPX                          9.397 VBMPX {25.54 USD}
  Assets:US:Vanguard:Cash                         -240.00 USD

2015-06-08 * "Investing 60% of cash in RGAGX"
  Assets:US:Vanguard:RGAGX                          2.877 RGAGX {125.15 USD}
  Assets:US:Vanguard:Cash                         -360.06 USD

2015-06-19 * "Employer match for contribution"
  Assets:US:Vanguard:Cash                          600.00 USD
  Income:US:BayBook:Match401k                     -600.00 USD

2015-06-22 * "Investing 40% of cash in VBMPX"
  Assets:US:Vanguard:VBMPX                         18.771 VBMPX {25.57 USD}
  Assets:US:Vanguard:Cash                         -479.97 USD

2015-06-22 * "Investing 60% of cash in RGAGX"
  Assets:US:Vanguard:RGAGX                          5.609 RGAGX {128.35 USD}
  Assets:US:Vanguard:Cash                         -719.92 USD

2015-06-22 * "Investing 40% of cash in VBMPX"
  Assets:US:Vanguard:VBMPX                          9.387 VBMPX {25.57 USD}
  Assets:US:Vanguard:Cash                         -240.03 USD

2015-06-22 * "Investing 60% of cash in RGAGX"
  Assets:US:Vanguard:RGAGX                          2.805 RGAGX {128.35 USD}
  Assets:US:Vanguard:Cash                         -360.02 USD

2015-07-03 * "Employer match for contribution"
  Assets:US:Vanguard:Cash                          600.00 USD
  Income:US:BayBook:Match401k                     -600.00 USD

2015-07-06 * "Investing 40% of cash in VBMPX"
  Assets:US:Vanguard:VBMPX                         18.448 VBMPX {26.02 USD}
  Assets:US:Vanguard:Cash                         -480.02 USD

2015-07-06 * "Investing 60% of cash in RGAGX"
  Assets:US:Vanguard:RGAGX                          5.486 RGAGX {131.24 USD}
  Assets:US:Vanguard:Cash                         -719.98 USD

2015-07-06 * "Investing 40% of cash in VBMPX"
  Assets:US:Vanguard:VBMPX                          9.224 VBMPX {26.02 USD}
  Assets:US:Vanguard:Cash                         -240.01 USD

2015-07-06 * "Investing 60% of cash in RGAGX"
  Assets:US:Vanguard:RGAGX                          2.743 RGAGX {131.24 USD}
  Assets:US:Vanguard:Cash                         -359.99 USD

2015-07-17 * "Employer match for contribution"
  Assets:US:Vanguard:Cash                          600.00 USD
  Income:US:BayBook:Match401k                     -600.00 USD

2015-07-20 * "Investing 40% of cash in VBMPX"
  Assets:US:Vanguard:VBMPX                         18.279 VBMPX {26.26 USD}
  Assets:US:Vanguard:Cash                         -480.01 USD

2015-07-20 * "Investing 60% of cash in RGAGX"
  Assets:US:Vanguard:RGAGX                          5.459 RGAGX {131.89 USD}
  Assets:US:Vanguard:Cash                         -719.99 USD

2015-07-20 * "Investing 40% of cash in VBMPX"
  Assets:US:Vanguard:VBMPX                          9.140 VBMPX {26.26 USD}
  Assets:US:Vanguard:Cash                         -240.02 USD

2015-07-20 * "Investing 60% of cash in RGAGX"
  Assets:US:Vanguard:RGAGX                          2.730 RGAGX {131.89 USD}
  Assets:US:Vanguard:Cash                         -360.06 USD

2016-01-15 * "Employer match for contribution"
  Assets:US:Vanguard:Cash                          600.00 USD
  Income:US:BayBook:Match401k                     -600.00 USD

2016-01-18 * "Investing 40% of cash in VBMPX"
  Assets:US:Vanguard:VBMPX                         15.553 VBMPX {30.86 USD}
  Assets:US:Vanguard:Cash                         -479.97 USD

2016-01-18 * "Investing 60% of cash in RGAGX"
  Assets:US:Vanguard:RGAGX                          5.208 RGAGX {138.25 USD}
  Assets:US:Vanguard:Cash                         -720.01 USD

2016-01-18 * "Investing 40% of cash in VBMPX"
  Assets:US:Vanguard:VBMPX                          7.777 VBMPX {30.86 USD}
  Assets:US:Vanguard:Cash                         -240.00 USD

2016-01-18 * "Investing 60% of cash in RGAGX"
  Assets:US:Vanguard:RGAGX                          2.604 RGAGX {138.25 USD}
  Assets:US:Vanguard:Cash                         -360.00 USD

2016-01-29 * "Employer match for contribution"
  Assets:US:Vanguard:Cash                          600.00 USD
  Income:US:BayBook:Match401k                     -600.00 USD

2016-02-01 * "Investing 40% of cash in VBMPX"
  Assets:US:Vanguard:VBMPX                         15.614 VBMPX {30.74 USD}
  Assets:US:Vanguard:Cash                         -479.97 USD

2016-02-01 * "Investing 60% of cash in RGAGX"
  Assets:US:Vanguard:RGAGX                          5.355 RGAGX {134.46 USD}
  Assets:US:Vanguard:Cash                         -720.03 USD

2016-02-01 * "Investing 40% of cash in VBMPX"
  Assets:US:Vanguard:VBMPX                          7.807 VBMPX {30.74 USD}
  Assets:US:Vanguard:Cash                         -239.99 USD

2016-02-01 * "Investing 60% of cash in RGAGX"
  Assets:US:Vanguard:RGAGX                          2.677 RGAGX {134.46 USD}
  Assets:US:Vanguard:Cash                         -359.95 USD

2016-02-12 * "Employer match for contribution"
  Assets:US:Vanguard:Cash                          600.00 USD
  Income:US:BayBook:Match401k                     -600.00 USD

2016-02-15 * "Investing 40% of cash in VBMPX"
  Assets:US:Vanguard:VBMPX                         15.390 VBMPX {31.19 USD}
  Assets:US:Vanguard:Cash                         -480.01 USD

2016-02-15 * "Investing 60% of cash in RGAGX"
  Assets:US:Vanguard:RGAGX                          5.375 RGAGX {133.96 USD}
  Assets:US:Vanguard:Cash                         -720.04 USD

2016-02-15 * "Investing 40% of cash in VBMPX"
  Assets:US:Vanguard:VBMPX                          7.694 VBMPX {31.19 USD}
  Assets:US:Vanguard:Cash                         -239.98 USD

2016-02-15 * "Investing 60% of cash in RGAGX"
  Assets:US:Vanguard:RGAGX                          2.687 RGAGX {133.96 USD}
  Assets:US:Vanguard:Cash                         -359.95 USD

2016-02-26 * "Employer match for contribution"
  Assets:US:Vanguard:Cash                          600.00 USD
  Income:US:BayBook:Match401k                     -600.00 USD

2016-02-29 * "Investing 40% of cash in VBMPX"
  Assets:US:Vanguard:VBMPX                         15.076 VBMPX {31.84 USD}
  Assets:US:Vanguard:Cash                         -480.02 USD

2016-02-29 * "Investing 60% of cash in RGAGX"
  Assets:US:Vanguard:RGAGX                          5.468 RGAGX {131.67 USD}
  Assets:US:Vanguard:Cash                         -719.97 USD

2016-02-29 * "Investing 40% of cash in VBMPX"
  Assets:US:Vanguard:VBMPX                          7.538 VBMPX {31.84 USD}
  Assets:US:Vanguard:Cash                         -240.01 USD

2016-02-29 * "Investing 60% of cash in RGAGX"
  Assets:US:Vanguard:RGAGX                          2.734 RGAGX {131.67 USD}
  Assets:US:Vanguard:Cash                         -359.99 USD

2016-03-11 * "Employer match for contribution"
  Assets:US:Vanguard:Cash                          600.00 USD
  Income:US:BayBook:Match401k                     -600.00 USD

2016-03-14 * "Investing 40% of cash in VBMPX"
  Assets:US:Vanguard:VBMPX                         14.917 VBMPX {32.18 USD}
  Assets:US:Vanguard:Cash                         -480.03 USD

2016-03-14 * "Investing 60% of cash in RGAGX"
  Assets:US:Vanguard:RGAGX                          5.524 RGAGX {130.35 USD}
  Assets:US:Vanguard:Cash                         -720.05 USD

2016-03-14 * "Investing 40% of cash in VBMPX"
  Assets:US:Vanguard:VBMPX                          7.458 VBMPX {32.18 USD}
  Assets:US:Vanguard:Cash                         -240.00 USD

2016-03-14 * "Investing 60% of cash in RGAGX"
  Assets:US:Vanguard:RGAGX                          2.762 RGAGX {130.35 USD}
  Assets:US:Vanguard:Cash                         -360.03 USD

2016-03-25 * "Employer match for contribution"
  Assets:US:Vanguard:Cash                          600.00 USD
  Income:US:BayBook:Match401k                     -600.00 USD

2016-03-28 * "Investing 40% of cash in VBMPX"
  Assets:US:Vanguard:VBMPX                         14.696 VBMPX {32.66 USD}
  Assets:US:Vanguard:Cash                         -479.97 USD

2016-03-28 * "Investing 60% of cash in RGAGX"
  Assets:US:Vanguard:RGAGX                          5.474 RGAGX {131.52 USD}
  Assets:US:Vanguard:Cash                         -719.94 USD

2016-03-28 * "Investing 40% of cash in VBMPX"
  Assets:US:Vanguard:VBMPX                          7.349 VBMPX {32.66 USD}
  Assets:US:Vanguard:Cash                         -240.02 USD

2016-03-28 * "Investing 60% of cash in RGAGX"
  Assets:US:Vanguard:RGAGX                          2.737 RGAGX {131.52 USD}
  Assets:US:Vanguard:Cash                         -359.97 USD

2016-04-08 * "Employer match for contribution"
  Assets:US:Vanguard:Cash                          600.00 USD
  Income:US:BayBook:Match401k                     -600.00 USD

2016-04-11 * "Investing 40% of cash in VBMPX"
  Assets:US:Vanguard:VBMPX                         14.861 VBMPX {32.30 USD}
  Assets:US:Vanguard:Cash                         -480.01 USD

2016-04-11 * "Investing 60% of cash in RGAGX"
  Assets:US:Vanguard:RGAGX                          5.455 RGAGX {132.00 USD}
  Assets:US:Vanguard:Cash                         -720.06 USD

2016-04-11 * "Investing 40% of cash in VBMPX"
  Assets:US:Vanguard:VBMPX                          7.430 VBMPX {32.30 USD}
  Assets:US:Vanguard:Cash                         -239.99 USD

2016-04-11 * "Investing 60% of cash in RGAGX"
  Assets:US:Vanguard:RGAGX                          2.727 RGAGX {132.00 USD}
  Assets:US:Vanguard:Cash                         -359.96 USD

2016-04-22 * "Employer match for contribution"
  Assets:US:Vanguard:Cash                          600.00 USD
  Income:US:BayBook:Match401k                     -600.00 USD

2016-04-25 * "Investing 40% of cash in VBMPX"
  Assets:US:Vanguard:VBMPX                         15.544 VBMPX {30.88 USD}
  Assets:US:Vanguard:Cash                         -480.00 USD

2016-04-25 * "Investing 60% of cash in RGAGX"
  Assets:US:Vanguard:RGAGX                          5.267 RGAGX {136.69 USD}
  Assets:US:Vanguard:Cash                         -719.95 USD

2016-04-25 * "Investing 40% of cash in VBMPX"
  Assets:US:Vanguard:VBMPX                          7.773 VBMPX {30.88 USD}
  Assets:US:Vanguard:Cash                         -240.03 USD

2016-04-25 * "Investing 60% of cash in RGAGX"
  Assets:US:Vanguard:RGAGX                          2.634 RGAGX {136.69 USD}
  Assets:US:Vanguard:Cash                         -360.04 USD

2016-05-06 * "Employer match for contribution"
  Assets:US:Vanguard:Cash                          600.00 USD
  Income:US:BayBook:Match401k                     -600.00 USD

2016-05-09 * "Investing 40% of cash in VBMPX"
  Assets:US:Vanguard:VBMPX                         15.957 VBMPX {30.08 USD}
  Assets:US:Vanguard:Cash                         -479.99 USD

2016-05-09 * "Investing 60% of cash in RGAGX"
  Assets:US:Vanguard:RGAGX                          5.239 RGAGX {137.44 USD}
  Assets:US:Vanguard:Cash                         -720.05 USD

2016-05-09 * "Investing 40% of cash in VBMPX"
  Assets:US:Vanguard:VBMPX                          7.978 VBMPX {30.08 USD}
  Assets:US:Vanguard:Cash                         -239.98 USD

2016-05-09 * "Investing 60% of cash in RGAGX"
  Assets:US:Vanguard:RGAGX                          2.619 RGAGX {137.44 USD}
  Assets:US:Vanguard:Cash                         -359.96 USD



* Sources of Income

2014-01-01 open Income:US:BayBook:Salary                      USD
2014-01-01 open Income:US:BayBook:GroupTermLife               USD
2014-01-01 open Income:US:BayBook:Vacation                    VACHR
2014-01-01 open Assets:US:BayBook:Vacation                    VACHR
2014-01-01 open Expenses:Vacation                               VACHR
2014-01-01 open Expenses:Health:Life:GroupTermLife
2014-01-01 open Expenses:Health:Medical:Insurance
2014-01-01 open Expenses:Health:Dental:Insurance
2014-01-01 open Expenses:Health:Vision:Insurance

2014-01-01 event "employer" "BayBook, 1501 Billow Rd, Benlo Park, CA"

2014-01-02 * "BayBook" "Payroll"
  Assets:US:BofA:Checking                         1350.60 USD
  Assets:US:Vanguard:Cash                         1200.00 USD
  Assets:US:Federal:PreTax401k                   -1200.00 IRAUSD
  Expenses:Taxes:Y2014:US:Federal:PreTax401k      1200.00 IRAUSD
  Income:US:BayBook:Salary                       -4615.38 USD
  Income:US:BayBook:GroupTermLife                  -24.32 USD
  Expenses:Health:Life:GroupTermLife                24.32 USD
  Expenses:Health:Dental:Insurance                   2.90 USD
  Expenses:Health:Medical:Insurance                 27.38 USD
  Expenses:Health:Vision:Insurance                  42.30 USD
  Expenses:Taxes:Y2014:US:Medicare                 106.62 USD
  Expenses:Taxes:Y2014:US:Federal                 1062.92 USD
  Expenses:Taxes:Y2014:US:State                    365.08 USD
  Expenses:Taxes:Y2014:US:CityNYC                  174.92 USD
  Expenses:Taxes:Y2014:US:SDI                        1.12 USD
  Expenses:Taxes:Y2014:US:SocSec                   281.54 USD
  Assets:US:BayBook:Vacation                            5 VACHR
  Income:US:BayBook:Vacation                           -5 VACHR

2014-01-16 * "BayBook" "Payroll"
  Assets:US:BofA:Checking                         1350.60 USD
  Assets:US:Vanguard:Cash                         1200.00 USD
  Assets:US:Federal:PreTax401k                   -1200.00 IRAUSD
  Expenses:Taxes:Y2014:US:Federal:PreTax401k      1200.00 IRAUSD
  Income:US:BayBook:Salary                       -4615.38 USD
  Income:US:BayBook:GroupTermLife                  -24.32 USD
  Expenses:Health:Life:GroupTermLife                24.32 USD
  Expenses:Health:Dental:Insurance                   2.90 USD
  Expenses:Health:Medical:Insurance                 27.38 USD
  Expenses:Health:Vision:Insurance                  42.30 USD
  Expenses:Taxes:Y2014:US:Medicare                 106.62 USD
  Expenses:Taxes:Y2014:US:Federal                 1062.92 USD
  Expenses:Taxes:Y2014:US:State                    365.08 USD
  Expenses:Taxes:Y2014:US:CityNYC                  174.92 USD
  Expenses:Taxes:Y2014:US:SDI                        1.12 USD
  Expenses:Taxes:Y2014:US:SocSec                   281.54 USD
  Assets:US:BayBook:Vacation                            5 VACHR
  Income:US:BayBook:Vacation                           -5 VACHR

2014-01-30 * "BayBook" "Payroll"
  Assets:US:BofA:Checking                         1350.60 USD
  Assets:US:Vanguard:Cash                         1200.00 USD
  Assets:US:Federal:PreTax401k                   -1200.00 IRAUSD
  Expenses:Taxes:Y2014:US:Federal:PreTax401k      1200.00 IRAUSD
  Income:US:BayBook:Salary                       -4615.38 USD
  Income:US:BayBook:GroupTermLife                  -24.32 USD
  Expenses:Health:Life:GroupTermLife                24.32 USD
  Expenses:Health:Dental:Insurance                   2.90 USD
  Expenses:Health:Medical:Insurance                 27.38 USD
  Expenses:Health:Vision:Insurance                  42.30 USD
  Expenses:Taxes:Y2014:US:Medicare                 106.62 USD
  Expenses:Taxes:Y2014:US:Federal                 1062.92 USD
  Expenses:Taxes:Y2014:US:State                    365.08 USD
  Expenses:Taxes:Y2014:US:CityNYC                  174.92 USD
  Expenses:Taxes:Y2014:US:SDI                        1.12 USD
  Expenses:Taxes:Y2014:US:SocSec                   281.54 USD
  Assets:US:BayBook:Vacation                            5 VACHR
  Income:US:BayBook:Vacation                           -5 VACHR

2014-02-13 * "BayBook" "Payroll"
  Assets:US:BofA:Checking                         1350.60 USD
  Assets:US:Vanguard:Cash                         1200.00 USD
  Assets:US:Federal:PreTax401k                   -1200.00 IRAUSD
  Expenses:Taxes:Y2014:US:Federal:PreTax401k      1200.00 IRAUSD
  Income:US:BayBook:Salary                       -4615.38 USD
  Income:US:BayBook:GroupTermLife                  -24.32 USD
  Expenses:Health:Life:GroupTermLife                24.32 USD
  Expenses:Health:Dental:Insurance                   2.90 USD
  Expenses:Health:Medical:Insurance                 27.38 USD
  Expenses:Health:Vision:Insurance                  42.30 USD
  Expenses:Taxes:Y2014:US:Medicare                 106.62 USD
  Expenses:Taxes:Y2014:US:Federal                 1062.92 USD
  Expenses:Taxes:Y2014:US:State                    365.08 USD
  Expenses:Taxes:Y2014:US:CityNYC                  174.92 USD
  Expenses:Taxes:Y2014:US:SDI                        1.12 USD
  Expenses:Taxes:Y2014:US:SocSec                   281.54 USD
  Assets:US:BayBook:Vacation                            5 VACHR
  Income:US:BayBook:Vacation                           -5 VACHR

2014-02-27 * "BayBook" "Payroll"
  Assets:US:BofA:Checking                         1350.60 USD
  Assets:US:Vanguard:Cash                         1200.00 USD
  Assets:US:Federal:PreTax401k                   -1200.00 IRAUSD
  Expenses:Taxes:Y2014:US:Federal:PreTax401k      1200.00 IRAUSD
  Income:US:BayBook:Salary                       -4615.38 USD
  Income:US:BayBook:GroupTermLife                  -24.32 USD
  Expenses:Health:Life:GroupTermLife                24.32 USD
  Expenses:Health:Dental:Insurance                   2.90 USD
  Expenses:Health:Medical:Insurance                 27.38 USD
  Expenses:Health:Vision:Insurance                  42.30 USD
  Expenses:Taxes:Y2014:US:Medicare                 106.62 USD
  Expenses:Taxes:Y2014:US:Federal                 1062.92 USD
  Expenses:Taxes:Y2014:US:State                    365.08 USD
  Expenses:Taxes:Y2014:US:CityNYC                  174.92 USD
  Expenses:Taxes:Y2014:US:SDI                        1.12 USD
  Expenses:Taxes:Y2014:US:SocSec                   281.54 USD
  Assets:US:BayBook:Vacation                            5 VACHR
  Income:US:BayBook:Vacation                           -5 VACHR

2014-03-13 * "BayBook" "Payroll"
  Assets:US:BofA:Checking                         1350.60 USD
  Assets:US:Vanguard:Cash                         1200.00 USD
  Assets:US:Federal:PreTax401k                   -1200.00 IRAUSD
  Expenses:Taxes:Y2014:US:Federal:PreTax401k      1200.00 IRAUSD
  Income:US:BayBook:Salary                       -4615.38 USD
  Income:US:BayBook:GroupTermLife                  -24.32 USD
  Expenses:Health:Life:GroupTermLife                24.32 USD
  Expenses:Health:Dental:Insurance                   2.90 USD
  Expenses:Health:Medical:Insurance                 27.38 USD
  Expenses:Health:Vision:Insurance                  42.30 USD
  Expenses:Taxes:Y2014:US:Medicare                 106.62 USD
  Expenses:Taxes:Y2014:US:Federal                 1062.92 USD
  Expenses:Taxes:Y2014:US:State                    365.08 USD
  Expenses:Taxes:Y2014:US:CityNYC                  174.92 USD
  Expenses:Taxes:Y2014:US:SDI                        1.12 USD
  Expenses:Taxes:Y2014:US:SocSec                   281.54 USD
  Assets:US:BayBook:Vacation                            5 VACHR
  Income:US:BayBook:Vacation                           -5 VACHR

2014-03-27 * "BayBook" "Payroll"
  Assets:US:BofA:Checking                         1350.60 USD
  Assets:US:Vanguard:Cash                         1200.00 USD
  Assets:US:Federal:PreTax401k                   -1200.00 IRAUSD
  Expenses:Taxes:Y2014:US:Federal:PreTax401k      1200.00 IRAUSD
  Income:US:BayBook:Salary                       -4615.38 USD
  Income:US:BayBook:GroupTermLife                  -24.32 USD
  Expenses:Health:Life:GroupTermLife                24.32 USD
  Expenses:Health:Dental:Insurance                   2.90 USD
  Expenses:Health:Medical:Insurance                 27.38 USD
  Expenses:Health:Vision:Insurance                  42.30 USD
  Expenses:Taxes:Y2014:US:Medicare                 106.62 USD
  Expenses:Taxes:Y2014:US:Federal                 1062.92 USD
  Expenses:Taxes:Y2014:US:State                    365.08 USD
  Expenses:Taxes:Y2014:US:CityNYC                  174.92 USD
  Expenses:Taxes:Y2014:US:SDI                        1.12 USD
  Expenses:Taxes:Y2014:US:SocSec                   281.54 USD
  Assets:US:BayBook:Vacation                            5 VACHR
  Income:US:BayBook:Vacation                           -5 VACHR

2014-04-10 * "BayBook" "Payroll"
  Assets:US:BofA:Checking                         1350.60 USD
  Assets:US:Vanguard:Cash                         1200.00 USD
  Assets:US:Federal:PreTax401k                   -1200.00 IRAUSD
  Expenses:Taxes:Y2014:US:Federal:PreTax401k      1200.00 IRAUSD
  Income:US:BayBook:Salary                       -4615.38 USD
  Income:US:BayBook:GroupTermLife                  -24.32 USD
  Expenses:Health:Life:GroupTermLife                24.32 USD
  Expenses:Health:Dental:Insurance                   2.90 USD
  Expenses:Health:Medical:Insurance                 27.38 USD
  Expenses:Health:Vision:Insurance                  42.30 USD
  Expenses:Taxes:Y2014:US:Medicare                 106.62 USD
  Expenses:Taxes:Y2014:US:Federal                 1062.92 USD
  Expenses:Taxes:Y2014:US:State                    365.08 USD
  Expenses:Taxes:Y2014:US:CityNYC                  174.92 USD
  Expenses:Taxes:Y2014:US:SDI                        1.12 USD
  Expenses:Taxes:Y2014:US:SocSec                   281.54 USD
  Assets:US:BayBook:Vacation                            5 VACHR
  Income:US:BayBook:Vacation                           -5 VACHR

2014-04-24 * "BayBook" "Payroll"
  Assets:US:BofA:Checking                         1350.60 USD
  Assets:US:Vanguard:Cash                         1200.00 USD
  Assets:US:Federal:PreTax401k                   -1200.00 IRAUSD
  Expenses:Taxes:Y2014:US:Federal:PreTax401k      1200.00 IRAUSD
  Income:US:BayBook:Salary                       -4615.38 USD
  Income:US:BayBook:GroupTermLife                  -24.32 USD
  Expenses:Health:Life:GroupTermLife                24.32 USD
  Expenses:Health:Dental:Insurance                   2.90 USD
  Expenses:Health:Medical:Insurance                 27.38 USD
  Expenses:Health:Vision:Insurance                  42.30 USD
  Expenses:Taxes:Y2014:US:Medicare                 106.62 USD
  Expenses:Taxes:Y2014:US:Federal                 1062.92 USD
  Expenses:Taxes:Y2014:US:State                    365.08 USD
  Expenses:Taxes:Y2014:US:CityNYC                  174.92 USD
  Expenses:Taxes:Y2014:US:SDI                        1.12 USD
  Expenses:Taxes:Y2014:US:SocSec                   281.54 USD
  Assets:US:BayBook:Vacation                            5 VACHR
  Income:US:BayBook:Vacation                           -5 VACHR

2014-05-08 * "BayBook" "Payroll"
  Assets:US:BofA:Checking                         1350.60 USD
  Assets:US:Vanguard:Cash                         1200.00 USD
  Assets:US:Federal:PreTax401k                   -1200.00 IRAUSD
  Expenses:Taxes:Y2014:US:Federal:PreTax401k      1200.00 IRAUSD
  Income:US:BayBook:Salary                       -4615.38 USD
  Income:US:BayBook:GroupTermLife                  -24.32 USD
  Expenses:Health:Life:GroupTermLife                24.32 USD
  Expenses:Health:Dental:Insurance                   2.90 USD
  Expenses:Health:Medical:Insurance                 27.38 USD
  Expenses:Health:Vision:Insurance                  42.30 USD
  Expenses:Taxes:Y2014:US:Medicare                 106.62 USD
  Expenses:Taxes:Y2014:US:Federal                 1062.92 USD
  Expenses:Taxes:Y2014:US:State                    365.08 USD
  Expenses:Taxes:Y2014:US:CityNYC                  174.92 USD
  Expenses:Taxes:Y2014:US:SDI                        1.12 USD
  Expenses:Taxes:Y2014:US:SocSec                   281.54 USD
  Assets:US:BayBook:Vacation                            5 VACHR
  Income:US:BayBook:Vacation                           -5 VACHR

2014-05-22 * "BayBook" "Payroll"
  Assets:US:BofA:Checking                         1350.60 USD
  Assets:US:Vanguard:Cash                         1200.00 USD
  Assets:US:Federal:PreTax401k                   -1200.00 IRAUSD
  Expenses:Taxes:Y2014:US:Federal:PreTax401k      1200.00 IRAUSD
  Income:US:BayBook:Salary                       -4615.38 USD
  Income:US:BayBook:GroupTermLife                  -24.32 USD
  Expenses:Health:Life:GroupTermLife                24.32 USD
  Expenses:Health:Dental:Insurance                   2.90 USD
  Expenses:Health:Medical:Insurance                 27.38 USD
  Expenses:Health:Vision:Insurance                  42.30 USD
  Expenses:Taxes:Y2014:US:Medicare                 106.62 USD
  Expenses:Taxes:Y2014:US:Federal                 1062.92 USD
  Expenses:Taxes:Y2014:US:State                    365.08 USD
  Expenses:Taxes:Y2014:US:CityNYC                  174.92 USD
  Expenses:Taxes:Y2014:US:SDI                        1.12 USD
  Expenses:Taxes:Y2014:US:SocSec                   281.54 USD
  Assets:US:BayBook:Vacation                            5 VACHR
  Income:US:BayBook:Vacation                           -5 VACHR

2014-06-05 * "BayBook" "Payroll"
  Assets:US:BofA:Checking                         1350.60 USD
  Assets:US:Vanguard:Cash                         1200.00 USD
  Assets:US:Federal:PreTax401k                   -1200.00 IRAUSD
  Expenses:Taxes:Y2014:US:Federal:PreTax401k      1200.00 IRAUSD
  Income:US:BayBook:Salary                       -4615.38 USD
  Income:US:BayBook:GroupTermLife                  -24.32 USD
  Expenses:Health:Life:GroupTermLife                24.32 USD
  Expenses:Health:Dental:Insurance                   2.90 USD
  Expenses:Health:Medical:Insurance                 27.38 USD
  Expenses:Health:Vision:Insurance                  42.30 USD
  Expenses:Taxes:Y2014:US:Medicare                 106.62 USD
  Expenses:Taxes:Y2014:US:Federal                 1062.92 USD
  Expenses:Taxes:Y2014:US:State                    365.08 USD
  Expenses:Taxes:Y2014:US:CityNYC                  174.92 USD
  Expenses:Taxes:Y2014:US:SDI                        1.12 USD
  Expenses:Taxes:Y2014:US:SocSec                   281.54 USD
  Assets:US:BayBook:Vacation                            5 VACHR
  Income:US:BayBook:Vacation                           -5 VACHR

2014-06-19 * "BayBook" "Payroll"
  Assets:US:BofA:Checking                         1350.60 USD
  Assets:US:Vanguard:Cash                         1200.00 USD
  Assets:US:Federal:PreTax401k                   -1200.00 IRAUSD
  Expenses:Taxes:Y2014:US:Federal:PreTax401k      1200.00 IRAUSD
  Income:US:BayBook:Salary                       -4615.38 USD
  Income:US:BayBook:GroupTermLife                  -24.32 USD
  Expenses:Health:Life:GroupTermLife                24.32 USD
  Expenses:Health:Dental:Insurance                   2.90 USD
  Expenses:Health:Medical:Insurance                 27.38 USD
  Expenses:Health:Vision:Insurance                  42.30 USD
  Expenses:Taxes:Y2014:US:Medicare                 106.62 USD
  Expenses:Taxes:Y2014:US:Federal                 1062.92 USD
  Expenses:Taxes:Y2014:US:State                    365.08 USD
  Expenses:Taxes:Y2014:US:CityNYC                  174.92 USD
  Expenses:Taxes:Y2014:US:SDI                        1.12 USD
  Expenses:Taxes:Y2014:US:SocSec                   281.54 USD
  Assets:US:BayBook:Vacation                            5 VACHR
  Income:US:BayBook:Vacation                           -5 VACHR

2014-07-03 * "BayBook" "Payroll"
  Assets:US:BofA:Checking                         1350.60 USD
  Assets:US:Vanguard:Cash                         1200.00 USD
  Assets:US:Federal:PreTax401k                   -1200.00 IRAUSD
  Expenses:Taxes:Y2014:US:Federal:PreTax401k      1200.00 IRAUSD
  Income:US:BayBook:Salary                       -4615.38 USD
  Income:US:BayBook:GroupTermLife                  -24.32 USD
  Expenses:Health:Life:GroupTermLife                24.32 USD
  Expenses:Health:Dental:Insurance                   2.90 USD
  Expenses:Health:Medical:Insurance                 27.38 USD
  Expenses:Health:Vision:Insurance                  42.30 USD
  Expenses:Taxes:Y2014:US:Medicare                 106.62 USD
  Expenses:Taxes:Y2014:US:Federal                 1062.92 USD
  Expenses:Taxes:Y2014:US:State                    365.08 USD
  Expenses:Taxes:Y2014:US:CityNYC                  174.92 USD
  Expenses:Taxes:Y2014:US:SDI                        1.12 USD
  Expenses:Taxes:Y2014:US:SocSec                   281.54 USD
  Assets:US:BayBook:Vacation                            5 VACHR
  Income:US:BayBook:Vacation                           -5 VACHR

2014-07-17 * "BayBook" "Payroll"
  Assets:US:BofA:Checking                         1850.60 USD
  Assets:US:Vanguard:Cash                          700.00 USD
  Assets:US:Federal:PreTax401k                    -700.00 IRAUSD
  Expenses:Taxes:Y2014:US:Federal:PreTax401k       700.00 IRAUSD
  Income:US:BayBook:Salary                       -4615.38 USD
  Income:US:BayBook:GroupTermLife                  -24.32 USD
  Expenses:Health:Life:GroupTermLife                24.32 USD
  Expenses:Health:Dental:Insurance                   2.90 USD
  Expenses:Health:Medical:Insurance                 27.38 USD
  Expenses:Health:Vision:Insurance                  42.30 USD
  Expenses:Taxes:Y2014:US:Medicare                 106.62 USD
  Expenses:Taxes:Y2014:US:Federal                 1062.92 USD
  Expenses:Taxes:Y2014:US:State                    365.08 USD
  Expenses:Taxes:Y2014:US:CityNYC                  174.92 USD
  Expenses:Taxes:Y2014:US:SDI                        1.12 USD
  Expenses:Taxes:Y2014:US:SocSec                   281.54 USD
  Assets:US:BayBook:Vacation                            5 VACHR
  Income:US:BayBook:Vacation                           -5 VACHR

2014-07-31 * "BayBook" "Payroll"
  Assets:US:BofA:Checking                         2550.60 USD
  Assets:US:Federal:PreTax401k                       0.00 IRAUSD
  Income:US:BayBook:Salary                       -4615.38 USD
  Income:US:BayBook:GroupTermLife                  -24.32 USD
  Expenses:Health:Life:GroupTermLife                24.32 USD
  Expenses:Health:Dental:Insurance                   2.90 USD
  Expenses:Health:Medical:Insurance                 27.38 USD
  Expenses:Health:Vision:Insurance                  42.30 USD
  Expenses:Taxes:Y2014:US:Medicare                 106.62 USD
  Expenses:Taxes:Y2014:US:Federal                 1062.92 USD
  Expenses:Taxes:Y2014:US:State                    365.08 USD
  Expenses:Taxes:Y2014:US:CityNYC                  174.92 USD
  Expenses:Taxes:Y2014:US:SDI                        1.12 USD
  Expenses:Taxes:Y2014:US:SocSec                   281.54 USD
  Assets:US:BayBook:Vacation                            5 VACHR
  Income:US:BayBook:Vacation                           -5 VACHR

2014-08-14 * "BayBook" "Payroll"
  Assets:US:BofA:Checking                         2550.60 USD
  Assets:US:Federal:PreTax401k                       0.00 IRAUSD
  Income:US:BayBook:Salary                       -4615.38 USD
  Income:US:BayBook:GroupTermLife                  -24.32 USD
  Expenses:Health:Life:GroupTermLife                24.32 USD
  Expenses:Health:Dental:Insurance                   2.90 USD
  Expenses:Health:Medical:Insurance                 27.38 USD
  Expenses:Health:Vision:Insurance                  42.30 USD
  Expenses:Taxes:Y2014:US:Medicare                 106.62 USD
  Expenses:Taxes:Y2014:US:Federal                 1062.92 USD
  Expenses:Taxes:Y2014:US:State                    365.08 USD
  Expenses:Taxes:Y2014:US:CityNYC                  174.92 USD
  Expenses:Taxes:Y2014:US:SDI                        1.12 USD
  Expenses:Taxes:Y2014:US:SocSec                   281.54 USD
  Assets:US:BayBook:Vacation                            5 VACHR
  Income:US:BayBook:Vacation                           -5 VACHR

2014-08-28 * "BayBook" "Payroll"
  Assets:US:BofA:Checking                         2550.60 USD
  Assets:US:Federal:PreTax401k                       0.00 IRAUSD
  Income:US:BayBook:Salary                       -4615.38 USD
  Income:US:BayBook:GroupTermLife                  -24.32 USD
  Expenses:Health:Life:GroupTermLife                24.32 USD
  Expenses:Health:Dental:Insurance                   2.90 USD
  Expenses:Health:Medical:Insurance                 27.38 USD
  Expenses:Health:Vision:Insurance                  42.30 USD
  Expenses:Taxes:Y2014:US:Medicare                 106.62 USD
  Expenses:Taxes:Y2014:US:Federal                 1062.92 USD
  Expenses:Taxes:Y2014:US:State                    365.08 USD
  Expenses:Taxes:Y2014:US:CityNYC                  174.92 USD
  Expenses:Taxes:Y2014:US:SDI                        1.12 USD
  Expenses:Taxes:Y2014:US:SocSec                   281.54 USD
  Assets:US:BayBook:Vacation                            5 VACHR
  Income:US:BayBook:Vacation                           -5 VACHR

2014-09-11 * "BayBook" "Payroll"
  Assets:US:BofA:Checking                         2550.60 USD
  Assets:US:Federal:PreTax401k                       0.00 IRAUSD
  Income:US:BayBook:Salary                       -4615.38 USD
  Income:US:BayBook:GroupTermLife                  -24.32 USD
  Expenses:Health:Life:GroupTermLife                24.32 USD
  Expenses:Health:Dental:Insurance                   2.90 USD
  Expenses:Health:Medical:Insurance                 27.38 USD
  Expenses:Health:Vision:Insurance                  42.30 USD
  Expenses:Taxes:Y2014:US:Medicare                 106.62 USD
  Expenses:Taxes:Y2014:US:Federal                 1062.92 USD
  Expenses:Taxes:Y2014:US:State                    365.08 USD
  Expenses:Taxes:Y2014:US:CityNYC                  174.92 USD
  Expenses:Taxes:Y2014:US:SDI                        1.12 USD
  Expenses:Taxes:Y2014:US:SocSec                   281.54 USD
  Assets:US:BayBook:Vacation                            5 VACHR
  Income:US:BayBook:Vacation                           -5 VACHR

2014-09-25 * "BayBook" "Payroll"
  Assets:US:BofA:Checking                         2550.60 USD
  Assets:US:Federal:PreTax401k                       0.00 IRAUSD
  Income:US:BayBook:Salary                       -4615.38 USD
  Income:US:BayBook:GroupTermLife                  -24.32 USD
  Expenses:Health:Life:GroupTermLife                24.32 USD
  Expenses:Health:Dental:Insurance                   2.90 USD
  Expenses:Health:Medical:Insurance                 27.38 USD
  Expenses:Health:Vision:Insurance                  42.30 USD
  Expenses:Taxes:Y2014:US:Medicare                 106.62 USD
  Expenses:Taxes:Y2014:US:Federal                 1062.92 USD
  Expenses:Taxes:Y2014:US:State                    365.08 USD
  Expenses:Taxes:Y2014:US:CityNYC                  174.92 USD
  Expenses:Taxes:Y2014:US:SDI                        1.12 USD
  Expenses:Taxes:Y2014:US:SocSec                   281.54 USD
  Assets:US:BayBook:Vacation                            5 VACHR
  Income:US:BayBook:Vacation                           -5 VACHR

2014-10-09 * "BayBook" "Payroll"
  Assets:US:BofA:Checking                         2550.60 USD
  Assets:US:Federal:PreTax401k                       0.00 IRAUSD
  Income:US:BayBook:Salary                       -4615.38 USD
  Income:US:BayBook:GroupTermLife                  -24.32 USD
  Expenses:Health:Life:GroupTermLife                24.32 USD
  Expenses:Health:Dental:Insurance                   2.90 USD
  Expenses:Health:Medical:Insurance                 27.38 USD
  Expenses:Health:Vision:Insurance                  42.30 USD
  Expenses:Taxes:Y2014:US:Medicare                 106.62 USD
  Expenses:Taxes:Y2014:US:Federal                 1062.92 USD
  Expenses:Taxes:Y2014:US:State                    365.08 USD
  Expenses:Taxes:Y2014:US:CityNYC                  174.92 USD
  Expenses:Taxes:Y2014:US:SDI                        1.12 USD
  Expenses:Taxes:Y2014:US:SocSec                   281.54 USD
  Assets:US:BayBook:Vacation                            5 VACHR
  Income:US:BayBook:Vacation                           -5 VACHR

2014-10-23 * "BayBook" "Payroll"
  Assets:US:BofA:Checking                         2550.60 USD
  Assets:US:Federal:PreTax401k                       0.00 IRAUSD
  Income:US:BayBook:Salary                       -4615.38 USD
  Income:US:BayBook:GroupTermLife                  -24.32 USD
  Expenses:Health:Life:GroupTermLife                24.32 USD
  Expenses:Health:Dental:Insurance                   2.90 USD
  Expenses:Health:Medical:Insurance                 27.38 USD
  Expenses:Health:Vision:Insurance                  42.30 USD
  Expenses:Taxes:Y2014:US:Medicare                 106.62 USD
  Expenses:Taxes:Y2014:US:Federal                 1062.92 USD
  Expenses:Taxes:Y2014:US:State                    365.08 USD
  Expenses:Taxes:Y2014:US:CityNYC                  174.92 USD
  Expenses:Taxes:Y2014:US:SDI                        1.12 USD
  Expenses:Taxes:Y2014:US:SocSec                   281.54 USD
  Assets:US:BayBook:Vacation                            5 VACHR
  Income:US:BayBook:Vacation                           -5 VACHR

2014-11-06 * "BayBook" "Payroll"
  Assets:US:BofA:Checking                         2550.60 USD
  Assets:US:Federal:PreTax401k                       0.00 IRAUSD
  Income:US:BayBook:Salary                       -4615.38 USD
  Income:US:BayBook:GroupTermLife                  -24.32 USD
  Expenses:Health:Life:GroupTermLife                24.32 USD
  Expenses:Health:Dental:Insurance                   2.90 USD
  Expenses:Health:Medical:Insurance                 27.38 USD
  Expenses:Health:Vision:Insurance                  42.30 USD
  Expenses:Taxes:Y2014:US:Medicare                 106.62 USD
  Expenses:Taxes:Y2014:US:Federal                 1062.92 USD
  Expenses:Taxes:Y2014:US:State                    365.08 USD
  Expenses:Taxes:Y2014:US:CityNYC                  174.92 USD
  Expenses:Taxes:Y2014:US:SDI                        1.12 USD
  Expenses:Taxes:Y2014:US:SocSec                   281.54 USD
  Assets:US:BayBook:Vacation                            5 VACHR
  Income:US:BayBook:Vacation                           -5 VACHR

2014-11-20 * "BayBook" "Payroll"
  Assets:US:BofA:Checking                         2550.60 USD
  Assets:US:Federal:PreTax401k                       0.00 IRAUSD
  Income:US:BayBook:Salary                       -4615.38 USD
  Income:US:BayBook:GroupTermLife                  -24.32 USD
  Expenses:Health:Life:GroupTermLife                24.32 USD
  Expenses:Health:Dental:Insurance                   2.90 USD
  Expenses:Health:Medical:Insurance                 27.38 USD
  Expenses:Health:Vision:Insurance                  42.30 USD
  Expenses:Taxes:Y2014:US:Medicare                 106.62 USD
  Expenses:Taxes:Y2014:US:Federal                 1062.92 USD
  Expenses:Taxes:Y2014:US:State                    365.08 USD
  Expenses:Taxes:Y2014:US:CityNYC                  174.92 USD
  Expenses:Taxes:Y2014:US:SDI                        1.12 USD
  Expenses:Taxes:Y2014:US:SocSec                   281.54 USD
  Assets:US:BayBook:Vacation                            5 VACHR
  Income:US:BayBook:Vacation                           -5 VACHR

2014-12-04 * "BayBook" "Payroll"
  Assets:US:BofA:Checking                         2589.06 USD
  Assets:US:Federal:PreTax401k                       0.00 IRAUSD
  Income:US:BayBook:Salary                       -4615.38 USD
  Income:US:BayBook:GroupTermLife                  -24.32 USD
  Expenses:Health:Life:GroupTermLife                24.32 USD
  Expenses:Health:Dental:Insurance                   2.90 USD
  Expenses:Health:Medical:Insurance                 27.38 USD
  Expenses:Health:Vision:Insurance                  42.30 USD
  Expenses:Taxes:Y2014:US:Medicare                 106.62 USD
  Expenses:Taxes:Y2014:US:Federal                 1062.92 USD
  Expenses:Taxes:Y2014:US:State                    365.08 USD
  Expenses:Taxes:Y2014:US:CityNYC                  174.92 USD
  Expenses:Taxes:Y2014:US:SDI                        1.12 USD
  Expenses:Taxes:Y2014:US:SocSec                   243.08 USD
  Assets:US:BayBook:Vacation                            5 VACHR
  Income:US:BayBook:Vacation                           -5 VACHR

2014-12-18 * "BayBook" "Payroll"
  Assets:US:BofA:Checking                         2832.14 USD
  Assets:US:Federal:PreTax401k                       0.00 IRAUSD
  Income:US:BayBook:Salary                       -4615.38 USD
  Income:US:BayBook:GroupTermLife                  -24.32 USD
  Expenses:Health:Life:GroupTermLife                24.32 USD
  Expenses:Health:Dental:Insurance                   2.90 USD
  Expenses:Health:Medical:Insurance                 27.38 USD
  Expenses:Health:Vision:Insurance                  42.30 USD
  Expenses:Taxes:Y2014:US:Medicare                 106.62 USD
  Expenses:Taxes:Y2014:US:Federal                 1062.92 USD
  Expenses:Taxes:Y2014:US:State                    365.08 USD
  Expenses:Taxes:Y2014:US:CityNYC                  174.92 USD
  Expenses:Taxes:Y2014:US:SDI                        1.12 USD
  Expenses:Taxes:Y2014:US:SocSec                     0.00 USD
  Assets:US:BayBook:Vacation                            5 VACHR
  Income:US:BayBook:Vacation                           -5 VACHR

2015-01-01 * "BayBook" "Payroll"
  Assets:US:BofA:Checking                         1350.60 USD
  Assets:US:Vanguard:Cash                         1200.00 USD
  Assets:US:Federal:PreTax401k                   -1200.00 IRAUSD
  Expenses:Taxes:Y2015:US:Federal:PreTax401k      1200.00 IRAUSD
  Income:US:BayBook:Salary                       -4615.38 USD
  Income:US:BayBook:GroupTermLife                  -24.32 USD
  Expenses:Health:Life:GroupTermLife                24.32 USD
  Expenses:Health:Dental:Insurance                   2.90 USD
  Expenses:Health:Medical:Insurance                 27.38 USD
  Expenses:Health:Vision:Insurance                  42.30 USD
  Expenses:Taxes:Y2015:US:Medicare                 106.62 USD
  Expenses:Taxes:Y2015:US:Federal                 1062.92 USD
  Expenses:Taxes:Y2015:US:State                    365.08 USD
  Expenses:Taxes:Y2015:US:CityNYC                  174.92 USD
  Expenses:Taxes:Y2015:US:SDI                        1.12 USD
  Expenses:Taxes:Y2015:US:SocSec                   281.54 USD
  Assets:US:BayBook:Vacation                            5 VACHR
  Income:US:BayBook:Vacation                           -5 VACHR

2015-01-15 * "BayBook" "Payroll"
  Assets:US:BofA:Checking                         1350.60 USD
  Assets:US:Vanguard:Cash                         1200.00 USD
  Assets:US:Federal:PreTax401k                   -1200.00 IRAUSD
  Expenses:Taxes:Y2015:US:Federal:PreTax401k      1200.00 IRAUSD
  Income:US:BayBook:Salary                       -4615.38 USD
  Income:US:BayBook:GroupTermLife                  -24.32 USD
  Expenses:Health:Life:GroupTermLife                24.32 USD
  Expenses:Health:Dental:Insurance                   2.90 USD
  Expenses:Health:Medical:Insurance                 27.38 USD
  Expenses:Health:Vision:Insurance                  42.30 USD
  Expenses:Taxes:Y2015:US:Medicare                 106.62 USD
  Expenses:Taxes:Y2015:US:Federal                 1062.92 USD
  Expenses:Taxes:Y2015:US:State                    365.08 USD
  Expenses:Taxes:Y2015:US:CityNYC                  174.92 USD
  Expenses:Taxes:Y2015:US:SDI                        1.12 USD
  Expenses:Taxes:Y2015:US:SocSec                   281.54 USD
  Assets:US:BayBook:Vacation                            5 VACHR
  Income:US:BayBook:Vacation                           -5 VACHR

2015-01-29 * "BayBook" "Payroll"
  Assets:US:BofA:Checking                         1350.60 USD
  Assets:US:Vanguard:Cash                         1200.00 USD
  Assets:US:Federal:PreTax401k                   -1200.00 IRAUSD
  Expenses:Taxes:Y2015:US:Federal:PreTax401k      1200.00 IRAUSD
  Income:US:BayBook:Salary                       -4615.38 USD
  Income:US:BayBook:GroupTermLife                  -24.32 USD
  Expenses:Health:Life:GroupTermLife                24.32 USD
  Expenses:Health:Dental:Insurance                   2.90 USD
  Expenses:Health:Medical:Insurance                 27.38 USD
  Expenses:Health:Vision:Insurance                  42.30 USD
  Expenses:Taxes:Y2015:US:Medicare                 106.62 USD
  Expenses:Taxes:Y2015:US:Federal                 1062.92 USD
  Expenses:Taxes:Y2015:US:State                    365.08 USD
  Expenses:Taxes:Y2015:US:CityNYC                  174.92 USD
  Expenses:Taxes:Y2015:US:SDI                        1.12 USD
  Expenses:Taxes:Y2015:US:SocSec                   281.54 USD
  Assets:US:BayBook:Vacation                            5 VACHR
  Income:US:BayBook:Vacation                           -5 VACHR

2015-02-12 * "BayBook" "Payroll"
  Assets:US:BofA:Checking                         1350.60 USD
  Assets:US:Vanguard:Cash                         1200.00 USD
  Assets:US:Federal:PreTax401k                   -1200.00 IRAUSD
  Expenses:Taxes:Y2015:US:Federal:PreTax401k      1200.00 IRAUSD
  Income:US:BayBook:Salary                       -4615.38 USD
  Income:US:BayBook:GroupTermLife                  -24.32 USD
  Expenses:Health:Life:GroupTermLife                24.32 USD
  Expenses:Health:Dental:Insurance                   2.90 USD
  Expenses:Health:Medical:Insurance                 27.38 USD
  Expenses:Health:Vision:Insurance                  42.30 USD
  Expenses:Taxes:Y2015:US:Medicare                 106.62 USD
  Expenses:Taxes:Y2015:US:Federal                 1062.92 USD
  Expenses:Taxes:Y2015:US:State                    365.08 USD
  Expenses:Taxes:Y2015:US:CityNYC                  174.92 USD
  Expenses:Taxes:Y2015:US:SDI                        1.12 USD
  Expenses:Taxes:Y2015:US:SocSec                   281.54 USD
  Assets:US:BayBook:Vacation                            5 VACHR
  Income:US:BayBook:Vacation                           -5 VACHR

2015-02-26 * "BayBook" "Payroll"
  Assets:US:BofA:Checking                         1350.60 USD
  Assets:US:Vanguard:Cash                         1200.00 USD
  Assets:US:Federal:PreTax401k                   -1200.00 IRAUSD
  Expenses:Taxes:Y2015:US:Federal:PreTax401k      1200.00 IRAUSD
  Income:US:BayBook:Salary                       -4615.38 USD
  Income:US:BayBook:GroupTermLife                  -24.32 USD
  Expenses:Health:Life:GroupTermLife                24.32 USD
  Expenses:Health:Dental:Insurance                   2.90 USD
  Expenses:Health:Medical:Insurance                 27.38 USD
  Expenses:Health:Vision:Insurance                  42.30 USD
  Expenses:Taxes:Y2015:US:Medicare                 106.62 USD
  Expenses:Taxes:Y2015:US:Federal                 1062.92 USD
  Expenses:Taxes:Y2015:US:State                    365.08 USD
  Expenses:Taxes:Y2015:US:CityNYC                  174.92 USD
  Expenses:Taxes:Y2015:US:SDI                        1.12 USD
  Expenses:Taxes:Y2015:US:SocSec                   281.54 USD
  Assets:US:BayBook:Vacation                            5 VACHR
  Income:US:BayBook:Vacation                           -5 VACHR

2015-03-12 * "BayBook" "Payroll"
  Assets:US:BofA:Checking                         1350.60 USD
  Assets:US:Vanguard:Cash                         1200.00 USD
  Assets:US:Federal:PreTax401k                   -1200.00 IRAUSD
  Expenses:Taxes:Y2015:US:Federal:PreTax401k      1200.00 IRAUSD
  Income:US:BayBook:Salary                       -4615.38 USD
  Income:US:BayBook:GroupTermLife                  -24.32 USD
  Expenses:Health:Life:GroupTermLife                24.32 USD
  Expenses:Health:Dental:Insurance                   2.90 USD
  Expenses:Health:Medical:Insurance                 27.38 USD
  Expenses:Health:Vision:Insurance                  42.30 USD
  Expenses:Taxes:Y2015:US:Medicare                 106.62 USD
  Expenses:Taxes:Y2015:US:Federal                 1062.92 USD
  Expenses:Taxes:Y2015:US:State                    365.08 USD
  Expenses:Taxes:Y2015:US:CityNYC                  174.92 USD
  Expenses:Taxes:Y2015:US:SDI                        1.12 USD
  Expenses:Taxes:Y2015:US:SocSec                   281.54 USD
  Assets:US:BayBook:Vacation                            5 VACHR
  Income:US:BayBook:Vacation                           -5 VACHR

2015-03-26 * "BayBook" "Payroll"
  Assets:US:BofA:Checking                         1350.60 USD
  Assets:US:Vanguard:Cash                         1200.00 USD
  Assets:US:Federal:PreTax401k                   -1200.00 IRAUSD
  Expenses:Taxes:Y2015:US:Federal:PreTax401k      1200.00 IRAUSD
  Income:US:BayBook:Salary                       -4615.38 USD
  Income:US:BayBook:GroupTermLife                  -24.32 USD
  Expenses:Health:Life:GroupTermLife                24.32 USD
  Expenses:Health:Dental:Insurance                   2.90 USD
  Expenses:Health:Medical:Insurance                 27.38 USD
  Expenses:Health:Vision:Insurance                  42.30 USD
  Expenses:Taxes:Y2015:US:Medicare                 106.62 USD
  Expenses:Taxes:Y2015:US:Federal                 1062.92 USD
  Expenses:Taxes:Y2015:US:State                    365.08 USD
  Expenses:Taxes:Y2015:US:CityNYC                  174.92 USD
  Expenses:Taxes:Y2015:US:SDI                        1.12 USD
  Expenses:Taxes:Y2015:US:SocSec                   281.54 USD
  Assets:US:BayBook:Vacation                            5 VACHR
  Income:US:BayBook:Vacation                           -5 VACHR

2015-04-09 * "BayBook" "Payroll"
  Assets:US:BofA:Checking                         1350.60 USD
  Assets:US:Vanguard:Cash                         1200.00 USD
  Assets:US:Federal:PreTax401k                   -1200.00 IRAUSD
  Expenses:Taxes:Y2015:US:Federal:PreTax401k      1200.00 IRAUSD
  Income:US:BayBook:Salary                       -4615.38 USD
  Income:US:BayBook:GroupTermLife                  -24.32 USD
  Expenses:Health:Life:GroupTermLife                24.32 USD
  Expenses:Health:Dental:Insurance                   2.90 USD
  Expenses:Health:Medical:Insurance                 27.38 USD
  Expenses:Health:Vision:Insurance                  42.30 USD
  Expenses:Taxes:Y2015:US:Medicare                 106.62 USD
  Expenses:Taxes:Y2015:US:Federal                 1062.92 USD
  Expenses:Taxes:Y2015:US:State                    365.08 USD
  Expenses:Taxes:Y2015:US:CityNYC                  174.92 USD
  Expenses:Taxes:Y2015:US:SDI                        1.12 USD
  Expenses:Taxes:Y2015:US:SocSec                   281.54 USD
  Assets:US:BayBook:Vacation                            5 VACHR
  Income:US:BayBook:Vacation                           -5 VACHR

2015-04-23 * "BayBook" "Payroll"
  Assets:US:BofA:Checking                         1350.60 USD
  Assets:US:Vanguard:Cash                         1200.00 USD
  Assets:US:Federal:PreTax401k                   -1200.00 IRAUSD
  Expenses:Taxes:Y2015:US:Federal:PreTax401k      1200.00 IRAUSD
  Income:US:BayBook:Salary                       -4615.38 USD
  Income:US:BayBook:GroupTermLife                  -24.32 USD
  Expenses:Health:Life:GroupTermLife                24.32 USD
  Expenses:Health:Dental:Insurance                   2.90 USD
  Expenses:Health:Medical:Insurance                 27.38 USD
  Expenses:Health:Vision:Insurance                  42.30 USD
  Expenses:Taxes:Y2015:US:Medicare                 106.62 USD
  Expenses:Taxes:Y2015:US:Federal                 1062.92 USD
  Expenses:Taxes:Y2015:US:State                    365.08 USD
  Expenses:Taxes:Y2015:US:CityNYC                  174.92 USD
  Expenses:Taxes:Y2015:US:SDI                        1.12 USD
  Expenses:Taxes:Y2015:US:SocSec                   281.54 USD
  Assets:US:BayBook:Vacation                            5 VACHR
  Income:US:BayBook:Vacation                           -5 VACHR

2015-05-07 * "BayBook" "Payroll"
  Assets:US:BofA:Checking                         1350.60 USD
  Assets:US:Vanguard:Cash                         1200.00 USD
  Assets:US:Federal:PreTax401k                   -1200.00 IRAUSD
  Expenses:Taxes:Y2015:US:Federal:PreTax401k      1200.00 IRAUSD
  Income:US:BayBook:Salary                       -4615.38 USD
  Income:US:BayBook:GroupTermLife                  -24.32 USD
  Expenses:Health:Life:GroupTermLife                24.32 USD
  Expenses:Health:Dental:Insurance                   2.90 USD
  Expenses:Health:Medical:Insurance                 27.38 USD
  Expenses:Health:Vision:Insurance                  42.30 USD
  Expenses:Taxes:Y2015:US:Medicare                 106.62 USD
  Expenses:Taxes:Y2015:US:Federal                 1062.92 USD
  Expenses:Taxes:Y2015:US:State                    365.08 USD
  Expenses:Taxes:Y2015:US:CityNYC                  174.92 USD
  Expenses:Taxes:Y2015:US:SDI                        1.12 USD
  Expenses:Taxes:Y2015:US:SocSec                   281.54 USD
  Assets:US:BayBook:Vacation                            5 VACHR
  Income:US:BayBook:Vacation                           -5 VACHR

2015-05-21 * "BayBook" "Payroll"
  Assets:US:BofA:Checking                         1350.60 USD
  Assets:US:Vanguard:Cash                         1200.00 USD
  Assets:US:Federal:PreTax401k                   -1200.00 IRAUSD
  Expenses:Taxes:Y2015:US:Federal:PreTax401k      1200.00 IRAUSD
  Income:US:BayBook:Salary                       -4615.38 USD
  Income:US:BayBook:GroupTermLife                  -24.32 USD
  Expenses:Health:Life:GroupTermLife                24.32 USD
  Expenses:Health:Dental:Insurance                   2.90 USD
  Expenses:Health:Medical:Insurance                 27.38 USD
  Expenses:Health:Vision:Insurance                  42.30 USD
  Expenses:Taxes:Y2015:US:Medicare                 106.62 USD
  Expenses:Taxes:Y2015:US:Federal                 1062.92 USD
  Expenses:Taxes:Y2015:US:State                    365.08 USD
  Expenses:Taxes:Y2015:US:CityNYC                  174.92 USD
  Expenses:Taxes:Y2015:US:SDI                        1.12 USD
  Expenses:Taxes:Y2015:US:SocSec                   281.54 USD
  Assets:US:BayBook:Vacation                            5 VACHR
  Income:US:BayBook:Vacation                           -5 VACHR

2015-06-04 * "BayBook" "Payroll"
  Assets:US:BofA:Checking                         1350.60 USD
  Assets:US:Vanguard:Cash                         1200.00 USD
  Assets:US:Federal:PreTax401k                   -1200.00 IRAUSD
  Expenses:Taxes:Y2015:US:Federal:PreTax401k      1200.00 IRAUSD
  Income:US:BayBook:Salary                       -4615.38 USD
  Income:US:BayBook:GroupTermLife                  -24.32 USD
  Expenses:Health:Life:GroupTermLife                24.32 USD
  Expenses:Health:Dental:Insurance                   2.90 USD
  Expenses:Health:Medical:Insurance                 27.38 USD
  Expenses:Health:Vision:Insurance                  42.30 USD
  Expenses:Taxes:Y2015:US:Medicare                 106.62 USD
  Expenses:Taxes:Y2015:US:Federal                 1062.92 USD
  Expenses:Taxes:Y2015:US:State                    365.08 USD
  Expenses:Taxes:Y2015:US:CityNYC                  174.92 USD
  Expenses:Taxes:Y2015:US:SDI                        1.12 USD
  Expenses:Taxes:Y2015:US:SocSec                   281.54 USD
  Assets:US:BayBook:Vacation                            5 VACHR
  Income:US:BayBook:Vacation                           -5 VACHR

2015-06-18 * "BayBook" "Payroll"
  Assets:US:BofA:Checking                         1350.60 USD
  Assets:US:Vanguard:Cash                         1200.00 USD
  Assets:US:Federal:PreTax401k                   -1200.00 IRAUSD
  Expenses:Taxes:Y2015:US:Federal:PreTax401k      1200.00 IRAUSD
  Income:US:BayBook:Salary                       -4615.38 USD
  Income:US:BayBook:GroupTermLife                  -24.32 USD
  Expenses:Health:Life:GroupTermLife                24.32 USD
  Expenses:Health:Dental:Insurance                   2.90 USD
  Expenses:Health:Medical:Insurance                 27.38 USD
  Expenses:Health:Vision:Insurance                  42.30 USD
  Expenses:Taxes:Y2015:US:Medicare                 106.62 USD
  Expenses:Taxes:Y2015:US:Federal                 1062.92 USD
  Expenses:Taxes:Y2015:US:State                    365.08 USD
  Expenses:Taxes:Y2015:US:CityNYC                  174.92 USD
  Expenses:Taxes:Y2015:US:SDI                        1.12 USD
  Expenses:Taxes:Y2015:US:SocSec                   281.54 USD
  Assets:US:BayBook:Vacation                            5 VACHR
  Income:US:BayBook:Vacation                           -5 VACHR

2015-07-02 * "BayBook" "Payroll"
  Assets:US:BofA:Checking                         1350.60 USD
  Assets:US:Vanguard:Cash                         1200.00 USD
  Assets:US:Federal:PreTax401k                   -1200.00 IRAUSD
  Expenses:Taxes:Y2015:US:Federal:PreTax401k      1200.00 IRAUSD
  Income:US:BayBook:Salary                       -4615.38 USD
  Income:US:BayBook:GroupTermLife                  -24.32 USD
  Expenses:Health:Life:GroupTermLife                24.32 USD
  Expenses:Health:Dental:Insurance                   2.90 USD
  Expenses:Health:Medical:Insurance                 27.38 USD
  Expenses:Health:Vision:Insurance                  42.30 USD
  Expenses:Taxes:Y2015:US:Medicare                 106.62 USD
  Expenses:Taxes:Y2015:US:Federal                 1062.92 USD
  Expenses:Taxes:Y2015:US:State                    365.08 USD
  Expenses:Taxes:Y2015:US:CityNYC                  174.92 USD
  Expenses:Taxes:Y2015:US:SDI                        1.12 USD
  Expenses:Taxes:Y2015:US:SocSec                   281.54 USD
  Assets:US:BayBook:Vacation                            5 VACHR
  Income:US:BayBook:Vacation                           -5 VACHR

2015-07-16 * "BayBook" "Payroll"
  Assets:US:BofA:Checking                         1350.60 USD
  Assets:US:Vanguard:Cash                         1200.00 USD
  Assets:US:Federal:PreTax401k                   -1200.00 IRAUSD
  Expenses:Taxes:Y2015:US:Federal:PreTax401k      1200.00 IRAUSD
  Income:US:BayBook:Salary                       -4615.38 USD
  Income:US:BayBook:GroupTermLife                  -24.32 USD
  Expenses:Health:Life:GroupTermLife                24.32 USD
  Expenses:Health:Dental:Insurance                   2.90 USD
  Expenses:Health:Medical:Insurance                 27.38 USD
  Expenses:Health:Vision:Insurance                  42.30 USD
  Expenses:Taxes:Y2015:US:Medicare                 106.62 USD
  Expenses:Taxes:Y2015:US:Federal                 1062.92 USD
  Expenses:Taxes:Y2015:US:State                    365.08 USD
  Expenses:Taxes:Y2015:US:CityNYC                  174.92 USD
  Expenses:Taxes:Y2015:US:SDI                        1.12 USD
  Expenses:Taxes:Y2015:US:SocSec                   281.54 USD
  Assets:US:BayBook:Vacation                            5 VACHR
  Income:US:BayBook:Vacation                           -5 VACHR

2015-07-30 * "BayBook" "Payroll"
  Assets:US:BofA:Checking                         2550.60 USD
  Assets:US:Federal:PreTax401k                       0.00 IRAUSD
  Income:US:BayBook:Salary                       -4615.38 USD
  Income:US:BayBook:GroupTermLife                  -24.32 USD
  Expenses:Health:Life:GroupTermLife                24.32 USD
  Expenses:Health:Dental:Insurance                   2.90 USD
  Expenses:Health:Medical:Insurance                 27.38 USD
  Expenses:Health:Vision:Insurance                  42.30 USD
  Expenses:Taxes:Y2015:US:Medicare                 106.62 USD
  Expenses:Taxes:Y2015:US:Federal                 1062.92 USD
  Expenses:Taxes:Y2015:US:State                    365.08 USD
  Expenses:Taxes:Y2015:US:CityNYC                  174.92 USD
  Expenses:Taxes:Y2015:US:SDI                        1.12 USD
  Expenses:Taxes:Y2015:US:SocSec                   281.54 USD
  Assets:US:BayBook:Vacation                            5 VACHR
  Income:US:BayBook:Vacation                           -5 VACHR

2015-08-13 * "BayBook" "Payroll"
  Assets:US:BofA:Checking                         2550.60 USD
  Assets:US:Federal:PreTax401k                       0.00 IRAUSD
  Income:US:BayBook:Salary                       -4615.38 USD
  Income:US:BayBook:GroupTermLife                  -24.32 USD
  Expenses:Health:Life:GroupTermLife                24.32 USD
  Expenses:Health:Dental:Insurance                   2.90 USD
  Expenses:Health:Medical:Insurance                 27.38 USD
  Expenses:Health:Vision:Insurance                  42.30 USD
  Expenses:Taxes:Y2015:US:Medicare                 106.62 USD
  Expenses:Taxes:Y2015:US:Federal                 1062.92 USD
  Expenses:Taxes:Y2015:US:State                    365.08 USD
  Expenses:Taxes:Y2015:US:CityNYC                  174.92 USD
  Expenses:Taxes:Y2015:US:SDI                        1.12 USD
  Expenses:Taxes:Y2015:US:SocSec                   281.54 USD
  Assets:US:BayBook:Vacation                            5 VACHR
  Income:US:BayBook:Vacation                           -5 VACHR

2015-08-27 * "BayBook" "Payroll"
  Assets:US:BofA:Checking                         2550.60 USD
  Assets:US:Federal:PreTax401k                       0.00 IRAUSD
  Income:US:BayBook:Salary                       -4615.38 USD
  Income:US:BayBook:GroupTermLife                  -24.32 USD
  Expenses:Health:Life:GroupTermLife                24.32 USD
  Expenses:Health:Dental:Insurance                   2.90 USD
  Expenses:Health:Medical:Insurance                 27.38 USD
  Expenses:Health:Vision:Insurance                  42.30 USD
  Expenses:Taxes:Y2015:US:Medicare                 106.62 USD
  Expenses:Taxes:Y2015:US:Federal                 1062.92 USD
  Expenses:Taxes:Y2015:US:State                    365.08 USD
  Expenses:Taxes:Y2015:US:CityNYC                  174.92 USD
  Expenses:Taxes:Y2015:US:SDI                        1.12 USD
  Expenses:Taxes:Y2015:US:SocSec                   281.54 USD
  Assets:US:BayBook:Vacation                            5 VACHR
  Income:US:BayBook:Vacation                           -5 VACHR

2015-09-10 * "BayBook" "Payroll"
  Assets:US:BofA:Checking                         2550.60 USD
  Assets:US:Federal:PreTax401k                       0.00 IRAUSD
  Income:US:BayBook:Salary                       -4615.38 USD
  Income:US:BayBook:GroupTermLife                  -24.32 USD
  Expenses:Health:Life:GroupTermLife                24.32 USD
  Expenses:Health:Dental:Insurance                   2.90 USD
  Expenses:Health:Medical:Insurance                 27.38 USD
  Expenses:Health:Vision:Insurance                  42.30 USD
  Expenses:Taxes:Y2015:US:Medicare                 106.62 USD
  Expenses:Taxes:Y2015:US:Federal                 1062.92 USD
  Expenses:Taxes:Y2015:US:State                    365.08 USD
  Expenses:Taxes:Y2015:US:CityNYC                  174.92 USD
  Expenses:Taxes:Y2015:US:SDI                        1.12 USD
  Expenses:Taxes:Y2015:US:SocSec                   281.54 USD
  Assets:US:BayBook:Vacation                            5 VACHR
  Income:US:BayBook:Vacation                           -5 VACHR

2015-09-24 * "BayBook" "Payroll"
  Assets:US:BofA:Checking                         2550.60 USD
  Assets:US:Federal:PreTax401k                       0.00 IRAUSD
  Income:US:BayBook:Salary                       -4615.38 USD
  Income:US:BayBook:GroupTermLife                  -24.32 USD
  Expenses:Health:Life:GroupTermLife                24.32 USD
  Expenses:Health:Dental:Insurance                   2.90 USD
  Expenses:Health:Medical:Insurance                 27.38 USD
  Expenses:Health:Vision:Insurance                  42.30 USD
  Expenses:Taxes:Y2015:US:Medicare                 106.62 USD
  Expenses:Taxes:Y2015:US:Federal                 1062.92 USD
  Expenses:Taxes:Y2015:US:State                    365.08 USD
  Expenses:Taxes:Y2015:US:CityNYC                  174.92 USD
  Expenses:Taxes:Y2015:US:SDI                        1.12 USD
  Expenses:Taxes:Y2015:US:SocSec                   281.54 USD
  Assets:US:BayBook:Vacation                            5 VACHR
  Income:US:BayBook:Vacation                           -5 VACHR

2015-10-08 * "BayBook" "Payroll"
  Assets:US:BofA:Checking                         2550.60 USD
  Assets:US:Federal:PreTax401k                       0.00 IRAUSD
  Income:US:BayBook:Salary                       -4615.38 USD
  Income:US:BayBook:GroupTermLife                  -24.32 USD
  Expenses:Health:Life:GroupTermLife                24.32 USD
  Expenses:Health:Dental:Insurance                   2.90 USD
  Expenses:Health:Medical:Insurance                 27.38 USD
  Expenses:Health:Vision:Insurance                  42.30 USD
  Expenses:Taxes:Y2015:US:Medicare                 106.62 USD
  Expenses:Taxes:Y2015:US:Federal                 1062.92 USD
  Expenses:Taxes:Y2015:US:State                    365.08 USD
  Expenses:Taxes:Y2015:US:CityNYC                  174.92 USD
  Expenses:Taxes:Y2015:US:SDI                        1.12 USD
  Expenses:Taxes:Y2015:US:SocSec                   281.54 USD
  Assets:US:BayBook:Vacation                            5 VACHR
  Income:US:BayBook:Vacation                           -5 VACHR

2015-10-22 * "BayBook" "Payroll"
  Assets:US:BofA:Checking                         2550.60 USD
  Assets:US:Federal:PreTax401k                       0.00 IRAUSD
  Income:US:BayBook:Salary                       -4615.38 USD
  Income:US:BayBook:GroupTermLife                  -24.32 USD
  Expenses:Health:Life:GroupTermLife                24.32 USD
  Expenses:Health:Dental:Insurance                   2.90 USD
  Expenses:Health:Medical:Insurance                 27.38 USD
  Expenses:Health:Vision:Insurance                  42.30 USD
  Expenses:Taxes:Y2015:US:Medicare                 106.62 USD
  Expenses:Taxes:Y2015:US:Federal                 1062.92 USD
  Expenses:Taxes:Y2015:US:State                    365.08 USD
  Expenses:Taxes:Y2015:US:CityNYC                  174.92 USD
  Expenses:Taxes:Y2015:US:SDI                        1.12 USD
  Expenses:Taxes:Y2015:US:SocSec                   281.54 USD
  Assets:US:BayBook:Vacation                            5 VACHR
  Income:US:BayBook:Vacation                           -5 VACHR

2015-11-05 * "BayBook" "Payroll"
  Assets:US:BofA:Checking                         2550.60 USD
  Assets:US:Federal:PreTax401k                       0.00 IRAUSD
  Income:US:BayBook:Salary                       -4615.38 USD
  Income:US:BayBook:GroupTermLife                  -24.32 USD
  Expenses:Health:Life:GroupTermLife                24.32 USD
  Expenses:Health:Dental:Insurance                   2.90 USD
  Expenses:Health:Medical:Insurance                 27.38 USD
  Expenses:Health:Vision:Insurance                  42.30 USD
  Expenses:Taxes:Y2015:US:Medicare                 106.62 USD
  Expenses:Taxes:Y2015:US:Federal                 1062.92 USD
  Expenses:Taxes:Y2015:US:State                    365.08 USD
  Expenses:Taxes:Y2015:US:CityNYC                  174.92 USD
  Expenses:Taxes:Y2015:US:SDI                        1.12 USD
  Expenses:Taxes:Y2015:US:SocSec                   281.54 USD
  Assets:US:BayBook:Vacation                            5 VACHR
  Income:US:BayBook:Vacation                           -5 VACHR

2015-11-19 * "BayBook" "Payroll"
  Assets:US:BofA:Checking                         2550.60 USD
  Assets:US:Federal:PreTax401k                       0.00 IRAUSD
  Income:US:BayBook:Salary                       -4615.38 USD
  Income:US:BayBook:GroupTermLife                  -24.32 USD
  Expenses:Health:Life:GroupTermLife                24.32 USD
  Expenses:Health:Dental:Insurance                   2.90 USD
  Expenses:Health:Medical:Insurance                 27.38 USD
  Expenses:Health:Vision:Insurance                  42.30 USD
  Expenses:Taxes:Y2015:US:Medicare                 106.62 USD
  Expenses:Taxes:Y2015:US:Federal                 1062.92 USD
  Expenses:Taxes:Y2015:US:State                    365.08 USD
  Expenses:Taxes:Y2015:US:CityNYC                  174.92 USD
  Expenses:Taxes:Y2015:US:SDI                        1.12 USD
  Expenses:Taxes:Y2015:US:SocSec                   281.54 USD
  Assets:US:BayBook:Vacation                            5 VACHR
  Income:US:BayBook:Vacation                           -5 VACHR

2015-12-03 * "BayBook" "Payroll"
  Assets:US:BofA:Checking                         2589.06 USD
  Assets:US:Federal:PreTax401k                       0.00 IRAUSD
  Income:US:BayBook:Salary                       -4615.38 USD
  Income:US:BayBook:GroupTermLife                  -24.32 USD
  Expenses:Health:Life:GroupTermLife                24.32 USD
  Expenses:Health:Dental:Insurance                   2.90 USD
  Expenses:Health:Medical:Insurance                 27.38 USD
  Expenses:Health:Vision:Insurance                  42.30 USD
  Expenses:Taxes:Y2015:US:Medicare                 106.62 USD
  Expenses:Taxes:Y2015:US:Federal                 1062.92 USD
  Expenses:Taxes:Y2015:US:State                    365.08 USD
  Expenses:Taxes:Y2015:US:CityNYC                  174.92 USD
  Expenses:Taxes:Y2015:US:SDI                        1.12 USD
  Expenses:Taxes:Y2015:US:SocSec                   243.08 USD
  Assets:US:BayBook:Vacation                            5 VACHR
  Income:US:BayBook:Vacation                           -5 VACHR

2015-12-17 * "BayBook" "Payroll"
  Assets:US:BofA:Checking                         2832.14 USD
  Assets:US:Federal:PreTax401k                       0.00 IRAUSD
  Income:US:BayBook:Salary                       -4615.38 USD
  Income:US:BayBook:GroupTermLife                  -24.32 USD
  Expenses:Health:Life:GroupTermLife                24.32 USD
  Expenses:Health:Dental:Insurance                   2.90 USD
  Expenses:Health:Medical:Insurance                 27.38 USD
  Expenses:Health:Vision:Insurance                  42.30 USD
  Expenses:Taxes:Y2015:US:Medicare                 106.62 USD
  Expenses:Taxes:Y2015:US:Federal                 1062.92 USD
  Expenses:Taxes:Y2015:US:State                    365.08 USD
  Expenses:Taxes:Y2015:US:CityNYC                  174.92 USD
  Expenses:Taxes:Y2015:US:SDI                        1.12 USD
  Expenses:Taxes:Y2015:US:SocSec                     0.00 USD
  Assets:US:BayBook:Vacation                            5 VACHR
  Income:US:BayBook:Vacation                           -5 VACHR

2015-12-31 * "BayBook" "Payroll"
  Assets:US:BofA:Checking                         2832.14 USD
  Assets:US:Federal:PreTax401k                       0.00 IRAUSD
  Income:US:BayBook:Salary                       -4615.38 USD
  Income:US:BayBook:GroupTermLife                  -24.32 USD
  Expenses:Health:Life:GroupTermLife                24.32 USD
  Expenses:Health:Dental:Insurance                   2.90 USD
  Expenses:Health:Medical:Insurance                 27.38 USD
  Expenses:Health:Vision:Insurance                  42.30 USD
  Expenses:Taxes:Y2015:US:Medicare                 106.62 USD
  Expenses:Taxes:Y2015:US:Federal                 1062.92 USD
  Expenses:Taxes:Y2015:US:State                    365.08 USD
  Expenses:Taxes:Y2015:US:CityNYC                  174.92 USD
  Expenses:Taxes:Y2015:US:SDI                        1.12 USD
  Expenses:Taxes:Y2015:US:SocSec                     0.00 USD
  Assets:US:BayBook:Vacation                            5 VACHR
  Income:US:BayBook:Vacation                           -5 VACHR

2016-01-14 * "BayBook" "Payroll"
  Assets:US:BofA:Checking                         1350.60 USD
  Assets:US:Vanguard:Cash                         1200.00 USD
  Assets:US:Federal:PreTax401k                   -1200.00 IRAUSD
  Expenses:Taxes:Y2016:US:Federal:PreTax401k      1200.00 IRAUSD
  Income:US:BayBook:Salary                       -4615.38 USD
  Income:US:BayBook:GroupTermLife                  -24.32 USD
  Expenses:Health:Life:GroupTermLife                24.32 USD
  Expenses:Health:Dental:Insurance                   2.90 USD
  Expenses:Health:Medical:Insurance                 27.38 USD
  Expenses:Health:Vision:Insurance                  42.30 USD
  Expenses:Taxes:Y2016:US:Medicare                 106.62 USD
  Expenses:Taxes:Y2016:US:Federal                 1062.92 USD
  Expenses:Taxes:Y2016:US:State                    365.08 USD
  Expenses:Taxes:Y2016:US:CityNYC                  174.92 USD
  Expenses:Taxes:Y2016:US:SDI                        1.12 USD
  Expenses:Taxes:Y2016:US:SocSec                   281.54 USD
  Assets:US:BayBook:Vacation                            5 VACHR
  Income:US:BayBook:Vacation                           -5 VACHR

2016-01-28 * "BayBook" "Payroll"
  Assets:US:BofA:Checking                         1350.60 USD
  Assets:US:Vanguard:Cash                         1200.00 USD
  Assets:US:Federal:PreTax401k                   -1200.00 IRAUSD
  Expenses:Taxes:Y2016:US:Federal:PreTax401k      1200.00 IRAUSD
  Income:US:BayBook:Salary                       -4615.38 USD
  Income:US:BayBook:GroupTermLife                  -24.32 USD
  Expenses:Health:Life:GroupTermLife                24.32 USD
  Expenses:Health:Dental:Insurance                   2.90 USD
  Expenses:Health:Medical:Insurance                 27.38 USD
  Expenses:Health:Vision:Insurance                  42.30 USD
  Expenses:Taxes:Y2016:US:Medicare                 106.62 USD
  Expenses:Taxes:Y2016:US:Federal                 1062.92 USD
  Expenses:Taxes:Y2016:US:State                    365.08 USD
  Expenses:Taxes:Y2016:US:CityNYC                  174.92 USD
  Expenses:Taxes:Y2016:US:SDI                        1.12 USD
  Expenses:Taxes:Y2016:US:SocSec                   281.54 USD
  Assets:US:BayBook:Vacation                            5 VACHR
  Income:US:BayBook:Vacation                           -5 VACHR

2016-02-11 * "BayBook" "Payroll"
  Assets:US:BofA:Checking                         1350.60 USD
  Assets:US:Vanguard:Cash                         1200.00 USD
  Assets:US:Federal:PreTax401k                   -1200.00 IRAUSD
  Expenses:Taxes:Y2016:US:Federal:PreTax401k      1200.00 IRAUSD
  Income:US:BayBook:Salary                       -4615.38 USD
  Income:US:BayBook:GroupTermLife                  -24.32 USD
  Expenses:Health:Life:GroupTermLife                24.32 USD
  Expenses:Health:Dental:Insurance                   2.90 USD
  Expenses:Health:Medical:Insurance                 27.38 USD
  Expenses:Health:Vision:Insurance                  42.30 USD
  Expenses:Taxes:Y2016:US:Medicare                 106.62 USD
  Expenses:Taxes:Y2016:US:Federal                 1062.92 USD
  Expenses:Taxes:Y2016:US:State                    365.08 USD
  Expenses:Taxes:Y2016:US:CityNYC                  174.92 USD
  Expenses:Taxes:Y2016:US:SDI                        1.12 USD
  Expenses:Taxes:Y2016:US:SocSec                   281.54 USD
  Assets:US:BayBook:Vacation                            5 VACHR
  Income:US:BayBook:Vacation                           -5 VACHR

2016-02-25 * "BayBook" "Payroll"
  Assets:US:BofA:Checking                         1350.60 USD
  Assets:US:Vanguard:Cash                         1200.00 USD
  Assets:US:Federal:PreTax401k                   -1200.00 IRAUSD
  Expenses:Taxes:Y2016:US:Federal:PreTax401k      1200.00 IRAUSD
  Income:US:BayBook:Salary                       -4615.38 USD
  Income:US:BayBook:GroupTermLife                  -24.32 USD
  Expenses:Health:Life:GroupTermLife                24.32 USD
  Expenses:Health:Dental:Insurance                   2.90 USD
  Expenses:Health:Medical:Insurance                 27.38 USD
  Expenses:Health:Vision:Insurance                  42.30 USD
  Expenses:Taxes:Y2016:US:Medicare                 106.62 USD
  Expenses:Taxes:Y2016:US:Federal                 1062.92 USD
  Expenses:Taxes:Y2016:US:State                    365.08 USD
  Expenses:Taxes:Y2016:US:CityNYC                  174.92 USD
  Expenses:Taxes:Y2016:US:SDI                        1.12 USD
  Expenses:Taxes:Y2016:US:SocSec                   281.54 USD
  Assets:US:BayBook:Vacation                            5 VACHR
  Income:US:BayBook:Vacation                           -5 VACHR

2016-03-10 * "BayBook" "Payroll"
  Assets:US:BofA:Checking                         1350.60 USD
  Assets:US:Vanguard:Cash                         1200.00 USD
  Assets:US:Federal:PreTax401k                   -1200.00 IRAUSD
  Expenses:Taxes:Y2016:US:Federal:PreTax401k      1200.00 IRAUSD
  Income:US:BayBook:Salary                       -4615.38 USD
  Income:US:BayBook:GroupTermLife                  -24.32 USD
  Expenses:Health:Life:GroupTermLife                24.32 USD
  Expenses:Health:Dental:Insurance                   2.90 USD
  Expenses:Health:Medical:Insurance                 27.38 USD
  Expenses:Health:Vision:Insurance                  42.30 USD
  Expenses:Taxes:Y2016:US:Medicare                 106.62 USD
  Expenses:Taxes:Y2016:US:Federal                 1062.92 USD
  Expenses:Taxes:Y2016:US:State                    365.08 USD
  Expenses:Taxes:Y2016:US:CityNYC                  174.92 USD
  Expenses:Taxes:Y2016:US:SDI                        1.12 USD
  Expenses:Taxes:Y2016:US:SocSec                   281.54 USD
  Assets:US:BayBook:Vacation                            5 VACHR
  Income:US:BayBook:Vacation                           -5 VACHR

2016-03-24 * "BayBook" "Payroll"
  Assets:US:BofA:Checking                         1350.60 USD
  Assets:US:Vanguard:Cash                         1200.00 USD
  Assets:US:Federal:PreTax401k                   -1200.00 IRAUSD
  Expenses:Taxes:Y2016:US:Federal:PreTax401k      1200.00 IRAUSD
  Income:US:BayBook:Salary                       -4615.38 USD
  Income:US:BayBook:GroupTermLife                  -24.32 USD
  Expenses:Health:Life:GroupTermLife                24.32 USD
  Expenses:Health:Dental:Insurance                   2.90 USD
  Expenses:Health:Medical:Insurance                 27.38 USD
  Expenses:Health:Vision:Insurance                  42.30 USD
  Expenses:Taxes:Y2016:US:Medicare                 106.62 USD
  Expenses:Taxes:Y2016:US:Federal                 1062.92 USD
  Expenses:Taxes:Y2016:US:State                    365.08 USD
  Expenses:Taxes:Y2016:US:CityNYC                  174.92 USD
  Expenses:Taxes:Y2016:US:SDI                        1.12 USD
  Expenses:Taxes:Y2016:US:SocSec                   281.54 USD
  Assets:US:BayBook:Vacation                            5 VACHR
  Income:US:BayBook:Vacation                           -5 VACHR

2016-04-07 * "BayBook" "Payroll"
  Assets:US:BofA:Checking                         1350.60 USD
  Assets:US:Vanguard:Cash                         1200.00 USD
  Assets:US:Federal:PreTax401k                   -1200.00 IRAUSD
  Expenses:Taxes:Y2016:US:Federal:PreTax401k      1200.00 IRAUSD
  Income:US:BayBook:Salary                       -4615.38 USD
  Income:US:BayBook:GroupTermLife                  -24.32 USD
  Expenses:Health:Life:GroupTermLife                24.32 USD
  Expenses:Health:Dental:Insurance                   2.90 USD
  Expenses:Health:Medical:Insurance                 27.38 USD
  Expenses:Health:Vision:Insurance                  42.30 USD
  Expenses:Taxes:Y2016:US:Medicare                 106.62 USD
  Expenses:Taxes:Y2016:US:Federal                 1062.92 USD
  Expenses:Taxes:Y2016:US:State                    365.08 USD
  Expenses:Taxes:Y2016:US:CityNYC                  174.92 USD
  Expenses:Taxes:Y2016:US:SDI                        1.12 USD
  Expenses:Taxes:Y2016:US:SocSec                   281.54 USD
  Assets:US:BayBook:Vacation                            5 VACHR
  Income:US:BayBook:Vacation                           -5 VACHR

2016-04-21 * "BayBook" "Payroll"
  Assets:US:BofA:Checking                         1350.60 USD
  Assets:US:Vanguard:Cash                         1200.00 USD
  Assets:US:Federal:PreTax401k                   -1200.00 IRAUSD
  Expenses:Taxes:Y2016:US:Federal:PreTax401k      1200.00 IRAUSD
  Income:US:BayBook:Salary                       -4615.38 USD
  Income:US:BayBook:GroupTermLife                  -24.32 USD
  Expenses:Health:Life:GroupTermLife                24.32 USD
  Expenses:Health:Dental:Insurance                   2.90 USD
  Expenses:Health:Medical:Insurance                 27.38 USD
  Expenses:Health:Vision:Insurance                  42.30 USD
  Expenses:Taxes:Y2016:US:Medicare                 106.62 USD
  Expenses:Taxes:Y2016:US:Federal                 1062.92 USD
  Expenses:Taxes:Y2016:US:State                    365.08 USD
  Expenses:Taxes:Y2016:US:CityNYC                  174.92 USD
  Expenses:Taxes:Y2016:US:SDI                        1.12 USD
  Expenses:Taxes:Y2016:US:SocSec                   281.54 USD
  Assets:US:BayBook:Vacation                            5 VACHR
  Income:US:BayBook:Vacation                           -5 VACHR

2016-05-05 * "BayBook" "Payroll"
  Assets:US:BofA:Checking                         1350.60 USD
  Assets:US:Vanguard:Cash                         1200.00 USD
  Assets:US:Federal:PreTax401k                   -1200.00 IRAUSD
  Expenses:Taxes:Y2016:US:Federal:PreTax401k      1200.00 IRAUSD
  Income:US:BayBook:Salary                       -4615.38 USD
  Income:US:BayBook:GroupTermLife                  -24.32 USD
  Expenses:Health:Life:GroupTermLife                24.32 USD
  Expenses:Health:Dental:Insurance                   2.90 USD
  Expenses:Health:Medical:Insurance                 27.38 USD
  Expenses:Health:Vision:Insurance                  42.30 USD
  Expenses:Taxes:Y2016:US:Medicare                 106.62 USD
  Expenses:Taxes:Y2016:US:Federal                 1062.92 USD
  Expenses:Taxes:Y2016:US:State                    365.08 USD
  Expenses:Taxes:Y2016:US:CityNYC                  174.92 USD
  Expenses:Taxes:Y2016:US:SDI                        1.12 USD
  Expenses:Taxes:Y2016:US:SocSec                   281.54 USD
  Assets:US:BayBook:Vacation                            5 VACHR
  Income:US:BayBook:Vacation                           -5 VACHR



* Taxes

1980-05-12 open Income:US:Federal:PreTax401k                    IRAUSD
1980-05-12 open Assets:US:Federal:PreTax401k                    IRAUSD



** Tax Year 2014

2014-01-01 open Expenses:Taxes:Y2014:US:Federal:PreTax401k      IRAUSD
2014-01-01 open Expenses:Taxes:Y2014:US:Medicare                USD
2014-01-01 open Expenses:Taxes:Y2014:US:Federal                 USD
2014-01-01 open Expenses:Taxes:Y2014:US:CityNYC                 USD
2014-01-01 open Expenses:Taxes:Y2014:US:SDI                     USD
2014-01-01 open Expenses:Taxes:Y2014:US:State                   USD
2014-01-01 open Expenses:Taxes:Y2014:US:SocSec                  USD

2014-01-01 balance Assets:US:Federal:PreTax401k         0 IRAUSD

2014-01-01 * "Allowed contributions for one year"
  Income:US:Federal:PreTax401k                     -17500 IRAUSD
  Assets:US:Federal:PreTax401k                      17500 IRAUSD

2015-03-22 * "Filing taxes for 2014"
  Expenses:Taxes:Y2014:US:Federal                  311.81 USD
  Expenses:Taxes:Y2014:US:State                    419.86 USD
  Liabilities:AccountsPayable                     -731.67 USD

2015-03-24 * "FEDERAL TAXPYMT"
  Assets:US:BofA:Checking                         -311.81 USD
  Liabilities:AccountsPayable                      311.81 USD

2015-03-26 * "STATE TAX & FINANC PYMT"
  Assets:US:BofA:Checking                         -419.86 USD
  Liabilities:AccountsPayable                      419.86 USD



** Tax Year 2015

2015-01-01 open Expenses:Taxes:Y2015:US:Federal:PreTax401k      IRAUSD
2015-01-01 open Expenses:Taxes:Y2015:US:Medicare                USD
2015-01-01 open Expenses:Taxes:Y2015:US:Federal                 USD
2015-01-01 open Expenses:Taxes:Y2015:US:CityNYC                 USD
2015-01-01 open Expenses:Taxes:Y2015:US:SDI                     USD
2015-01-01 open Expenses:Taxes:Y2015:US:State                   USD
2015-01-01 open Expenses:Taxes:Y2015:US:SocSec                  USD

2015-01-01 balance Assets:US:Federal:PreTax401k         0 IRAUSD

2015-01-01 * "Allowed contributions for one year"
  Income:US:Federal:PreTax401k                     -18000 IRAUSD
  Assets:US:Federal:PreTax401k                      18000 IRAUSD

2016-03-22 * "Filing taxes for 2015"
  Expenses:Taxes:Y2015:US:Federal                  394.39 USD
  Expenses:Taxes:Y2015:US:State                    287.21 USD
  Liabilities:AccountsPayable                     -681.60 USD

2016-03-23 * "FEDERAL TAXPYMT"
  Assets:US:BofA:Checking                         -394.39 USD
  Liabilities:AccountsPayable                      394.39 USD

2016-03-26 * "STATE TAX & FINANC PYMT"
  Assets:US:BofA:Checking                         -287.21 USD
  Liabilities:AccountsPayable                      287.21 USD



** Tax Year 2016

2016-01-01 open Expenses:Taxes:Y2016:US:Federal:PreTax401k      IRAUSD
2016-01-01 open Expenses:Taxes:Y2016:US:Medicare                USD
2016-01-01 open Expenses:Taxes:Y2016:US:Federal                 USD
2016-01-01 open Expenses:Taxes:Y2016:US:CityNYC                 USD
2016-01-01 open Expenses:Taxes:Y2016:US:SDI                     USD
2016-01-01 open Expenses:Taxes:Y2016:US:State                   USD
2016-01-01 open Expenses:Taxes:Y2016:US:SocSec                  USD

2016-01-01 balance Assets:US:Federal:PreTax401k         0 IRAUSD

2016-01-01 * "Allowed contributions for one year"
  Income:US:Federal:PreTax401k                     -18000 IRAUSD
  Assets:US:Federal:PreTax401k                      18000 IRAUSD



* Expenses

1980-05-12 open Expenses:Food:Groceries
1980-05-12 open Expenses:Food:Restaurant
1980-05-12 open Expenses:Food:Coffee
1980-05-12 open Expenses:Food:Alcohol
1980-05-12 open Expenses:Transport:Tram
1980-05-12 open Expenses:Home:Rent
1980-05-12 open Expenses:Home:Electricity
1980-05-12 open Expenses:Home:Internet
1980-05-12 open Expenses:Home:Phone
1980-05-12 open Expenses:Financial:Fees
1980-05-12 open Expenses:Financial:Commissions



* Prices

2014-01-03 price VBMPX                              32.78 USD
2014-01-03 price RGAGX                              92.75 USD
2014-01-03 price ITOT                               83.90 USD
2014-01-03 price VEA                                72.29 USD
2014-01-03 price VHT                                88.92 USD
2014-01-03 price GLD                               104.59 USD
2014-01-10 price VBMPX                              32.55 USD
2014-01-10 price RGAGX                              93.08 USD
2014-01-10 price ITOT                               84.95 USD
2014-01-10 price VEA                                70.78 USD
2014-01-10 price VHT                                90.71 USD
2014-01-10 price GLD                               104.89 USD
2014-01-17 price VBMPX                              33.15 USD
2014-01-17 price RGAGX                              92.12 USD
2014-01-17 price ITOT                               85.18 USD
2014-01-17 price VEA                                70.71 USD
2014-01-17 price VHT                                89.49 USD
2014-01-17 price GLD                               104.97 USD
2014-01-24 price VBMPX                              33.65 USD
2014-01-24 price RGAGX                              91.83 USD
2014-01-24 price ITOT                               85.20 USD
2014-01-24 price VEA                                71.20 USD
2014-01-24 price VHT                                90.43 USD
2014-01-24 price GLD                               105.55 USD
2014-01-31 price VBMPX                              33.69 USD
2014-01-31 price RGAGX                              91.65 USD
2014-01-31 price ITOT                               83.81 USD
2014-01-31 price VEA                                71.76 USD
2014-01-31 price VHT                                93.52 USD
2014-01-31 price GLD                               106.99 USD
2014-02-07 price VBMPX                              33.00 USD
2014-02-07 price RGAGX                              90.90 USD
2014-02-07 price ITOT                               83.52 USD
2014-02-07 price VEA                                72.15 USD
2014-02-07 price VHT                                92.09 USD
2014-02-07 price GLD                               105.90 USD
2014-02-14 price VBMPX                              33.03 USD
2014-02-14 price RGAGX                              93.16 USD
2014-02-14 price ITOT                               82.16 USD
2014-02-14 price VEA                                71.74 USD
2014-02-14 price VHT                                90.80 USD
2014-02-14 price GLD                               105.52 USD
2014-02-21 price VBMPX                              32.95 USD
2014-02-21 price RGAGX                              93.49 USD
2014-02-21 price ITOT                               84.90 USD
2014-02-21 price VEA                                72.08 USD
2014-02-21 price VHT                                92.04 USD
2014-02-21 price GLD                               105.73 USD
2014-02-28 price VBMPX                              32.71 USD
2014-02-28 price RGAGX                              93.62 USD
2014-02-28 price ITOT                               84.86 USD
2014-02-28 price VEA                                72.34 USD
2014-02-28 price VHT                                92.14 USD
2014-02-28 price GLD                               105.22 USD
2014-03-07 price VBMPX                              32.49 USD
2014-03-07 price RGAGX                              94.48 USD
2014-03-07 price ITOT                               85.82 USD
2014-03-07 price VEA                                73.45 USD
2014-03-07 price VHT                                91.26 USD
2014-03-07 price GLD                               105.40 USD
2014-03-14 price VBMPX                              32.50 USD
2014-03-14 price RGAGX                              94.89 USD
2014-03-14 price ITOT                               86.80 USD
2014-03-14 price VEA                                72.75 USD
2014-03-14 price VHT                                92.13 USD
2014-03-14 price GLD                               105.14 USD
2014-03-21 price VBMPX                              32.40 USD
2014-03-21 price RGAGX                              95.19 USD
2014-03-21 price ITOT                               88.12 USD
2014-03-21 price VEA                                74.06 USD
2014-03-21 price VHT                                92.29 USD
2014-03-21 price GLD                               104.05 USD
2014-03-28 price VBMPX                              32.88 USD
2014-03-28 price RGAGX                              97.28 USD
2014-03-28 price ITOT                               88.85 USD
2014-03-28 price VEA                                74.65 USD
2014-03-28 price VHT                                93.74 USD
2014-03-28 price GLD                               105.38 USD
2014-04-04 price VBMPX                              33.38 USD
2014-04-04 price RGAGX                              98.91 USD
2014-04-04 price ITOT                               88.21 USD
2014-04-04 price VEA                                76.61 USD
2014-04-04 price VHT                                95.85 USD
2014-04-04 price GLD                               105.26 USD
2014-04-11 price VBMPX                              32.63 USD
2014-04-11 price RGAGX                              98.99 USD
2014-04-11 price ITOT                               87.25 USD
2014-04-11 price VEA                                76.27 USD
2014-04-11 price VHT                                97.11 USD
2014-04-11 price GLD                               105.28 USD
2014-04-18 price VBMPX                              32.47 USD
2014-04-18 price RGAGX                              98.75 USD
2014-04-18 price ITOT                               87.39 USD
2014-04-18 price VEA                                78.26 USD
2014-04-18 price VHT                                97.66 USD
2014-04-18 price GLD                               104.21 USD
2014-04-25 price VBMPX                              32.40 USD
2014-04-25 price RGAGX                              97.97 USD
2014-04-25 price ITOT                               87.24 USD
2014-04-25 price VEA                                78.36 USD
2014-04-25 price VHT                                98.51 USD
2014-04-25 price GLD                               104.06 USD
2014-05-02 price VBMPX                              32.23 USD
2014-05-02 price RGAGX                             100.32 USD
2014-05-02 price ITOT                               86.19 USD
2014-05-02 price VEA                                78.19 USD
2014-05-02 price VHT                                99.19 USD
2014-05-02 price GLD                               105.28 USD
2014-05-09 price VBMPX                              32.57 USD
2014-05-09 price RGAGX                              98.62 USD
2014-05-09 price ITOT                               85.42 USD
2014-05-09 price VEA                                77.78 USD
2014-05-09 price VHT                               100.18 USD
2014-05-09 price GLD                               104.61 USD
2014-05-16 price VBMPX                              31.88 USD
2014-05-16 price RGAGX                              99.38 USD
2014-05-16 price ITOT                               85.18 USD
2014-05-16 price VEA                                78.89 USD
2014-05-16 price VHT                                99.65 USD
2014-05-16 price GLD                               103.89 USD
2014-05-23 price VBMPX                              32.05 USD
2014-05-23 price RGAGX                             100.79 USD
2014-05-23 price ITOT                               84.09 USD
2014-05-23 price VEA                                78.91 USD
2014-05-23 price VHT                               100.59 USD
2014-05-23 price GLD                               104.71 USD
2014-05-30 price VBMPX                              31.59 USD
2014-05-30 price RGAGX                             101.06 USD
2014-05-30 price ITOT                               82.78 USD
2014-05-30 price VEA                                77.77 USD
2014-05-30 price VHT                                97.98 USD
2014-05-30 price GLD                               105.63 USD
2014-06-06 price VBMPX                              31.17 USD
2014-06-06 price RGAGX                             101.10 USD
2014-06-06 price ITOT                               83.31 USD
2014-06-06 price VEA                                78.43 USD
2014-06-06 price VHT                               100.40 USD
2014-06-06 price GLD                               105.61 USD
2014-06-13 price VBMPX                              31.71 USD
2014-06-13 price RGAGX                             101.23 USD
2014-06-13 price ITOT                               84.74 USD
2014-06-13 price VEA                                77.61 USD
2014-06-13 price VHT                                99.06 USD
2014-06-13 price GLD                               106.26 USD
2014-06-20 price VBMPX                              31.06 USD
2014-06-20 price RGAGX                              98.23 USD
2014-06-20 price ITOT                               84.73 USD
2014-06-20 price VEA                                76.96 USD
2014-06-20 price VHT                                97.42 USD
2014-06-20 price GLD                               107.36 USD
2014-06-27 price VBMPX                              31.03 USD
2014-06-27 price RGAGX                              96.69 USD
2014-06-27 price ITOT                               85.56 USD
2014-06-27 price VEA                                76.79 USD
2014-06-27 price VHT                                96.85 USD
2014-06-27 price GLD                               108.26 USD
2014-07-04 price VBMPX                              31.22 USD
2014-07-04 price RGAGX                              97.52 USD
2014-07-04 price ITOT                               85.10 USD
2014-07-04 price VEA                                75.76 USD
2014-07-04 price VHT                                96.11 USD
2014-07-04 price GLD                               107.91 USD
2014-07-11 price VBMPX                              30.62 USD
2014-07-11 price RGAGX                              97.62 USD
2014-07-11 price ITOT                               87.24 USD
2014-07-11 price VEA                                76.54 USD
2014-07-11 price VHT                                95.97 USD
2014-07-11 price GLD                               108.90 USD
2014-07-18 price VBMPX                              31.40 USD
2014-07-18 price RGAGX                              96.70 USD
2014-07-18 price ITOT                               87.27 USD
2014-07-18 price VEA                                75.37 USD
2014-07-18 price VHT                                95.07 USD
2014-07-18 price GLD                               107.27 USD
2014-07-25 price VBMPX                              31.21 USD
2014-07-25 price RGAGX                              97.89 USD
2014-07-25 price ITOT                               86.20 USD
2014-07-25 price VEA                                75.77 USD
2014-07-25 price VHT                                97.33 USD
2014-07-25 price GLD                               109.94 USD
2014-08-01 price VBMPX                              31.40 USD
2014-08-01 price RGAGX                              98.69 USD
2014-08-01 price ITOT                               87.72 USD
2014-08-01 price VEA                                76.78 USD
2014-08-01 price VHT                                97.89 USD
2014-08-01 price GLD                               109.74 USD
2014-08-08 price VBMPX                              31.46 USD
2014-08-08 price RGAGX                              98.72 USD
2014-08-08 price ITOT                               87.98 USD
2014-08-08 price VEA                                76.89 USD
2014-08-08 price VHT                                98.55 USD
2014-08-08 price GLD                               110.29 USD
2014-08-15 price VBMPX                              31.53 USD
2014-08-15 price RGAGX                             100.68 USD
2014-08-15 price ITOT                               87.65 USD
2014-08-15 price VEA                                77.63 USD
2014-08-15 price VHT                                97.66 USD
2014-08-15 price GLD                               110.46 USD
2014-08-22 price VBMPX                              31.74 USD
2014-08-22 price RGAGX                             100.79 USD
2014-08-22 price ITOT                               87.57 USD
2014-08-22 price VEA                                76.69 USD
2014-08-22 price VHT                                97.56 USD
2014-08-22 price GLD                               111.84 USD
2014-08-29 price VBMPX                              30.90 USD
2014-08-29 price RGAGX                              98.70 USD
2014-08-29 price ITOT                               84.93 USD
2014-08-29 price VEA                                76.65 USD
2014-08-29 price VHT                                97.43 USD
2014-08-29 price GLD                               112.56 USD
2014-09-05 price VBMPX                              30.28 USD
2014-09-05 price RGAGX                              98.79 USD
2014-09-05 price ITOT                               85.90 USD
2014-09-05 price VEA                                76.42 USD
2014-09-05 price VHT                                96.33 USD
2014-09-05 price GLD                               112.53 USD
2014-09-12 price VBMPX                              30.71 USD
2014-09-12 price RGAGX                              97.62 USD
2014-09-12 price ITOT                               85.21 USD
2014-09-12 price VEA                                75.63 USD
2014-09-12 price VHT                                97.03 USD
2014-09-12 price GLD                               112.40 USD
2014-09-19 price VBMPX                              30.83 USD
2014-09-19 price RGAGX                              97.14 USD
2014-09-19 price ITOT                               84.47 USD
2014-09-19 price VEA                                76.57 USD
2014-09-19 price VHT                                97.54 USD
2014-09-19 price GLD                               111.36 USD
2014-09-26 price VBMPX                              30.33 USD
2014-09-26 price RGAGX                              98.16 USD
2014-09-26 price ITOT                               84.46 USD
2014-09-26 price VEA                                76.54 USD
2014-09-26 price VHT                                96.73 USD
2014-09-26 price GLD                               113.00 USD
2014-10-03 price VBMPX                              30.24 USD
2014-10-03 price RGAGX                             100.09 USD
2014-10-03 price ITOT                               83.93 USD
2014-10-03 price VEA                                76.36 USD
2014-10-03 price VHT                                95.02 USD
2014-10-03 price GLD                               111.51 USD
2014-10-10 price VBMPX                              29.60 USD
2014-10-10 price RGAGX                              98.82 USD
2014-10-10 price ITOT                               84.52 USD
2014-10-10 price VEA                                76.70 USD
2014-10-10 price VHT                                94.92 USD
2014-10-10 price GLD                               109.87 USD
2014-10-17 price VBMPX                              29.38 USD
2014-10-17 price RGAGX                             100.00 USD
2014-10-17 price ITOT                               84.12 USD
2014-10-17 price VEA                                75.40 USD
2014-10-17 price VHT                                94.96 USD
2014-10-17 price GLD                               108.72 USD
2014-10-24 price VBMPX                              28.88 USD
2014-10-24 price RGAGX                             100.15 USD
2014-10-24 price ITOT                               82.42 USD
2014-10-24 price VEA                                76.96 USD
2014-10-24 price VHT                                96.94 USD
2014-10-24 price GLD                               107.69 USD
2014-10-31 price VBMPX                              28.65 USD
2014-10-31 price RGAGX                             102.13 USD
2014-10-31 price ITOT                               82.82 USD
2014-10-31 price VEA                                76.16 USD
2014-10-31 price VHT                                97.31 USD
2014-10-31 price GLD                               108.13 USD
2014-11-07 price VBMPX                              28.32 USD
2014-11-07 price RGAGX                             102.58 USD
2014-11-07 price ITOT                               83.53 USD
2014-11-07 price VEA                                75.91 USD
2014-11-07 price VHT                                99.24 USD
2014-11-07 price GLD                               109.33 USD
2014-11-14 price VBMPX                              27.50 USD
2014-11-14 price RGAGX                             102.97 USD
2014-11-14 price ITOT                               83.16 USD
2014-11-14 price VEA                                75.98 USD
2014-11-14 price VHT                                98.36 USD
2014-11-14 price GLD                               110.06 USD
2014-11-21 price VBMPX                              27.26 USD
2014-11-21 price RGAGX                             102.65 USD
2014-11-21 price ITOT                               80.72 USD
2014-11-21 price VEA                                75.18 USD
2014-11-21 price VHT                                99.38 USD
2014-11-21 price GLD                               110.20 USD
2014-11-28 price VBMPX                              26.37 USD
2014-11-28 price RGAGX                             103.08 USD
2014-11-28 price ITOT                               82.31 USD
2014-11-28 price VEA                                72.83 USD
2014-11-28 price VHT                                99.65 USD
2014-11-28 price GLD                               109.13 USD
2014-12-05 price VBMPX                              26.54 USD
2014-12-05 price RGAGX                             104.55 USD
2014-12-05 price ITOT                               80.71 USD
2014-12-05 price VEA                                72.26 USD
2014-12-05 price VHT                               103.23 USD
2014-12-05 price GLD                               108.83 USD
2014-12-12 price VBMPX                              26.85 USD
2014-12-12 price RGAGX                             105.81 USD
2014-12-12 price ITOT                               80.52 USD
2014-12-12 price VEA                                72.93 USD
2014-12-12 price VHT                               103.48 USD
2014-12-12 price GLD                               109.11 USD
2014-12-19 price VBMPX                              26.98 USD
2014-12-19 price RGAGX                             105.64 USD
2014-12-19 price ITOT                               79.72 USD
2014-12-19 price VEA                                73.52 USD
2014-12-19 price VHT                               102.63 USD
2014-12-19 price GLD                               109.42 USD
2014-12-26 price VBMPX                              27.11 USD
2014-12-26 price RGAGX                             105.81 USD
2014-12-26 price ITOT                               79.65 USD
2014-12-26 price VEA                                72.91 USD
2014-12-26 price VHT                               102.58 USD
2014-12-31 price GLD                               109.10 USD
2015-01-01 price GLD                               110.40 USD
2015-01-02 price VBMPX                              27.96 USD
2015-01-02 price RGAGX                             107.74 USD
2015-01-02 price ITOT                               81.17 USD
2015-01-02 price VEA                                74.46 USD
2015-01-02 price VHT                               100.89 USD
2015-01-09 price VBMPX                              27.69 USD
2015-01-09 price RGAGX                             105.36 USD
2015-01-09 price ITOT                               80.78 USD
2015-01-09 price VEA                                75.78 USD
2015-01-09 price VHT                               102.78 USD
2015-01-09 price GLD                               112.00 USD
2015-01-16 price VBMPX                              27.96 USD
2015-01-16 price RGAGX                             106.08 USD
2015-01-16 price ITOT                               81.69 USD
2015-01-16 price VEA                                76.25 USD
2015-01-16 price VHT                               104.23 USD
2015-01-16 price GLD                               111.27 USD
2015-01-23 price VBMPX                              27.98 USD
2015-01-23 price RGAGX                             107.21 USD
2015-01-23 price ITOT                               81.77 USD
2015-01-23 price VEA                                75.51 USD
2015-01-23 price VHT                               104.86 USD
2015-01-23 price GLD                               112.21 USD
2015-01-30 price VBMPX                              27.21 USD
2015-01-30 price RGAGX                             110.09 USD
2015-01-30 price ITOT                               79.63 USD
2015-01-30 price VEA                                74.40 USD
2015-01-30 price VHT                               103.76 USD
2015-01-30 price GLD                               112.70 USD
2015-02-06 price VBMPX                              27.77 USD
2015-02-06 price RGAGX                             114.05 USD
2015-02-06 price ITOT                               81.10 USD
2015-02-06 price VEA                                73.65 USD
2015-02-06 price VHT                               105.93 USD
2015-02-06 price GLD                               113.18 USD
2015-02-13 price VBMPX                              27.82 USD
2015-02-13 price RGAGX                             113.62 USD
2015-02-13 price ITOT                               79.79 USD
2015-02-13 price VEA                                74.26 USD
2015-02-13 price VHT                               108.29 USD
2015-02-13 price GLD                               112.86 USD
2015-02-20 price VBMPX                              27.06 USD
2015-02-20 price RGAGX                             111.32 USD
2015-02-20 price ITOT                               81.53 USD
2015-02-20 price VEA                                74.07 USD
2015-02-20 price VHT                               109.48 USD
2015-02-20 price GLD                               112.82 USD
2015-02-27 price VBMPX                              27.10 USD
2015-02-27 price RGAGX                             112.90 USD
2015-02-27 price ITOT                               80.21 USD
2015-02-27 price VEA                                75.34 USD
2015-02-27 price VHT                               109.28 USD
2015-02-27 price GLD                               114.05 USD
2015-03-06 price VBMPX                              26.70 USD
2015-03-06 price RGAGX                             114.37 USD
2015-03-06 price ITOT                               80.98 USD
2015-03-06 price VEA                                75.87 USD
2015-03-06 price VHT                               110.19 USD
2015-03-06 price GLD                               114.61 USD
2015-03-13 price VBMPX                              26.66 USD
2015-03-13 price RGAGX                             116.31 USD
2015-03-13 price ITOT                               80.53 USD
2015-03-13 price VEA                                75.71 USD
2015-03-13 price VHT                               111.90 USD
2015-03-13 price GLD                               113.33 USD
2015-03-20 price VBMPX                              26.88 USD
2015-03-20 price RGAGX                             118.94 USD
2015-03-20 price ITOT                               81.47 USD
2015-03-20 price VEA                                75.38 USD
2015-03-20 price VHT                               110.84 USD
2015-03-20 price GLD                               113.37 USD
2015-03-27 price VBMPX                              26.59 USD
2015-03-27 price RGAGX                             118.80 USD
2015-03-27 price ITOT                               81.75 USD
2015-03-27 price VEA                                75.61 USD
2015-03-27 price VHT                               112.52 USD
2015-03-27 price GLD                               113.32 USD
2015-04-03 price VBMPX                              26.75 USD
2015-04-03 price RGAGX                             118.88 USD
2015-04-03 price ITOT                               82.73 USD
2015-04-03 price VEA                                76.07 USD
2015-04-03 price VHT                               112.82 USD
2015-04-03 price GLD                               114.04 USD
2015-04-10 price VBMPX                              27.23 USD
2015-04-10 price RGAGX                             118.08 USD
2015-04-10 price ITOT                               82.24 USD
2015-04-10 price VEA                                76.46 USD
2015-04-10 price VHT                               112.52 USD
2015-04-10 price GLD                               114.19 USD
2015-04-17 price VBMPX                              26.77 USD
2015-04-17 price RGAGX                             120.21 USD
2015-04-17 price ITOT                               82.21 USD
2015-04-17 price VEA                                75.72 USD
2015-04-17 price VHT                               113.53 USD
2015-04-17 price GLD                               113.60 USD
2015-04-24 price VBMPX                              26.39 USD
2015-04-24 price RGAGX                             117.99 USD
2015-04-24 price ITOT                               78.87 USD
2015-04-24 price VEA                                73.99 USD
2015-04-24 price VHT                               113.84 USD
2015-04-24 price GLD                               113.52 USD
2015-05-01 price VBMPX                              26.02 USD
2015-05-01 price RGAGX                             117.81 USD
2015-05-01 price ITOT                               79.65 USD
2015-05-01 price VEA                                74.20 USD
2015-05-01 price VHT                               112.70 USD
2015-05-01 price GLD                               113.49 USD
2015-05-08 price VBMPX                              26.51 USD
2015-05-08 price RGAGX                             120.02 USD
2015-05-08 price ITOT                               80.16 USD
2015-05-08 price VEA                                74.37 USD
2015-05-08 price VHT                               112.70 USD
2015-05-08 price GLD                               115.43 USD
2015-05-15 price VBMPX                              26.20 USD
2015-05-15 price RGAGX                             121.61 USD
2015-05-15 price ITOT                               81.24 USD
2015-05-15 price VEA                                75.21 USD
2015-05-15 price VHT                               114.22 USD
2015-05-15 price GLD                               115.27 USD
2015-05-22 price VBMPX                              25.93 USD
2015-05-22 price RGAGX                             120.84 USD
2015-05-22 price ITOT                               81.81 USD
2015-05-22 price VEA                                75.02 USD
2015-05-22 price VHT                               112.00 USD
2015-05-22 price GLD                               116.38 USD
2015-05-29 price VBMPX                              25.42 USD
2015-05-29 price RGAGX                             123.40 USD
2015-05-29 price ITOT                               82.93 USD
2015-05-29 price VEA                                74.79 USD
2015-05-29 price VHT                               113.60 USD
2015-05-29 price GLD                               117.54 USD
2015-06-05 price VBMPX                              25.54 USD
2015-06-05 price RGAGX                             125.15 USD
2015-06-05 price ITOT                               85.09 USD
2015-06-05 price VEA                                74.97 USD
2015-06-05 price VHT                               111.80 USD
2015-06-05 price GLD                               116.29 USD
2015-06-12 price VBMPX                              25.88 USD
2015-06-12 price RGAGX                             126.27 USD
2015-06-12 price ITOT                               83.72 USD
2015-06-12 price VEA                                75.94 USD
2015-06-12 price VHT                               112.99 USD
2015-06-12 price GLD                               115.84 USD
2015-06-19 price VBMPX                              25.57 USD
2015-06-19 price RGAGX                             128.35 USD
2015-06-19 price ITOT                               85.07 USD
2015-06-19 price VEA                                75.98 USD
2015-06-19 price VHT                               112.01 USD
2015-06-19 price GLD                               113.30 USD
2015-06-26 price VBMPX                              25.92 USD
2015-06-26 price RGAGX                             132.03 USD
2015-06-26 price ITOT                               86.97 USD
2015-06-26 price VEA                                76.19 USD
2015-06-26 price VHT                               111.60 USD
2015-06-26 price GLD                               113.77 USD
2015-07-03 price VBMPX                              26.02 USD
2015-07-03 price RGAGX                             131.24 USD
2015-07-03 price ITOT                               85.24 USD
2015-07-03 price VEA                                77.28 USD
2015-07-03 price VHT                               113.47 USD
2015-07-03 price GLD                               114.18 USD
2015-07-10 price VBMPX                              26.11 USD
2015-07-10 price RGAGX                             131.24 USD
2015-07-10 price ITOT                               87.22 USD
2015-07-10 price VEA                                76.98 USD
2015-07-10 price VHT                               114.21 USD
2015-07-10 price GLD                               114.29 USD
2015-07-17 price VBMPX                              26.26 USD
2015-07-17 price RGAGX                             131.89 USD
2015-07-17 price ITOT                               87.98 USD
2015-07-17 price VEA                                77.89 USD
2015-07-17 price VHT                               113.76 USD
2015-07-17 price GLD                               113.55 USD
2015-07-24 price VBMPX                              26.19 USD
2015-07-24 price RGAGX                             134.04 USD
2015-07-24 price ITOT                               86.46 USD
2015-07-24 price VEA                                78.45 USD
2015-07-24 price VHT                               115.01 USD
2015-07-24 price GLD                               112.26 USD
2015-07-31 price VBMPX                              26.62 USD
2015-07-31 price RGAGX                             133.41 USD
2015-07-31 price ITOT                               86.64 USD
2015-07-31 price VEA                                78.17 USD
2015-07-31 price VHT                               115.72 USD
2015-07-31 price GLD                               111.10 USD
2015-08-07 price VBMPX                              27.15 USD
2015-08-07 price RGAGX                             131.29 USD
2015-08-07 price ITOT                               86.32 USD
2015-08-07 price VEA                                77.52 USD
2015-08-07 price VHT                               116.47 USD
2015-08-07 price GLD                               108.60 USD
2015-08-14 price VBMPX                              26.29 USD
2015-08-14 price RGAGX                             132.64 USD
2015-08-14 price ITOT                               87.49 USD
2015-08-14 price VEA                                75.95 USD
2015-08-14 price VHT                               115.06 USD
2015-08-14 price GLD                               108.37 USD
2015-08-21 price VBMPX                              26.29 USD
2015-08-21 price RGAGX                             131.98 USD
2015-08-21 price ITOT                               89.45 USD
2015-08-21 price VEA                                75.52 USD
2015-08-21 price VHT                               114.40 USD
2015-08-21 price GLD                               107.63 USD
2015-08-28 price VBMPX                              26.17 USD
2015-08-28 price RGAGX                             132.75 USD
2015-08-28 price ITOT                               86.81 USD
2015-08-28 price VEA                                76.69 USD
2015-08-28 price VHT                               112.90 USD
2015-08-28 price GLD                               107.07 USD
2015-09-04 price VBMPX                              26.65 USD
2015-09-04 price RGAGX                             132.76 USD
2015-09-04 price ITOT                               86.71 USD
2015-09-04 price VEA                                76.88 USD
2015-09-04 price VHT                               112.99 USD
2015-09-04 price GLD                               106.39 USD
2015-09-11 price VBMPX                              26.59 USD
2015-09-11 price RGAGX                             130.94 USD
2015-09-11 price ITOT                               85.41 USD
2015-09-11 price VEA                                77.70 USD
2015-09-11 price VHT                               112.52 USD
2015-09-11 price GLD                               105.34 USD
2015-09-18 price VBMPX                              26.76 USD
2015-09-18 price RGAGX                             134.26 USD
2015-09-18 price ITOT                               85.22 USD
2015-09-18 price VEA                                76.61 USD
2015-09-18 price VHT                               112.11 USD
2015-09-18 price GLD                               102.41 USD
2015-09-25 price VBMPX                              27.25 USD
2015-09-25 price RGAGX                             134.19 USD
2015-09-25 price ITOT                               84.43 USD
2015-09-25 price VEA                                78.10 USD
2015-09-25 price VHT                               111.03 USD
2015-09-25 price GLD                               101.80 USD
2015-10-02 price VBMPX                              27.77 USD
2015-10-02 price RGAGX                             134.62 USD
2015-10-02 price ITOT                               84.41 USD
2015-10-02 price VEA                                77.43 USD
2015-10-02 price VHT                               110.44 USD
2015-10-02 price GLD                               102.71 USD
2015-10-09 price VBMPX                              28.42 USD
2015-10-09 price RGAGX                             136.79 USD
2015-10-09 price ITOT                               84.67 USD
2015-10-09 price VEA                                77.63 USD
2015-10-09 price VHT                               111.37 USD
2015-10-09 price GLD                               102.93 USD
2015-10-16 price VBMPX                              28.21 USD
2015-10-16 price RGAGX                             133.73 USD
2015-10-16 price ITOT                               83.74 USD
2015-10-16 price VEA                                75.60 USD
2015-10-16 price VHT                               110.42 USD
2015-10-16 price GLD                               101.22 USD
2015-10-23 price VBMPX                              27.75 USD
2015-10-23 price RGAGX                             132.91 USD
2015-10-23 price ITOT                               83.11 USD
2015-10-23 price VEA                                76.16 USD
2015-10-23 price VHT                               109.65 USD
2015-10-23 price GLD                               100.47 USD
2015-10-30 price VBMPX                              27.78 USD
2015-10-30 price RGAGX                             133.81 USD
2015-10-30 price ITOT                               85.54 USD
2015-10-30 price VEA                                76.29 USD
2015-10-30 price VHT                               108.63 USD
2015-10-30 price GLD                                99.73 USD
2015-11-06 price VBMPX                              28.62 USD
2015-11-06 price RGAGX                             134.93 USD
2015-11-06 price ITOT                               86.47 USD
2015-11-06 price VEA                                77.19 USD
2015-11-06 price VHT                               108.06 USD
2015-11-06 price GLD                               100.79 USD
2015-11-13 price VBMPX                              29.23 USD
2015-11-13 price RGAGX                             134.26 USD
2015-11-13 price ITOT                               87.44 USD
2015-11-13 price VEA                                77.78 USD
2015-11-13 price VHT                               106.36 USD
2015-11-13 price GLD                                99.45 USD
2015-11-20 price VBMPX                              29.36 USD
2015-11-20 price RGAGX                             136.70 USD
2015-11-20 price ITOT                               86.94 USD
2015-11-20 price VEA                                77.66 USD
2015-11-20 price VHT                               109.04 USD
2015-11-20 price GLD                               100.22 USD
2015-11-27 price VBMPX                              29.42 USD
2015-11-27 price RGAGX                             134.78 USD
2015-11-27 price ITOT                               87.42 USD
2015-11-27 price VEA                                77.77 USD
2015-11-27 price VHT                               107.18 USD
2015-11-27 price GLD                                99.41 USD
2015-12-04 price VBMPX                              30.10 USD
2015-12-04 price RGAGX                             136.46 USD
2015-12-04 price ITOT                               87.62 USD
2015-12-04 price VEA                                76.26 USD
2015-12-04 price VHT                               108.47 USD
2015-12-04 price GLD                                99.12 USD
2015-12-11 price VBMPX                              30.38 USD
2015-12-11 price RGAGX                             131.65 USD
2015-12-11 price ITOT                               89.50 USD
2015-12-11 price VEA                                76.74 USD
2015-12-11 price VHT                               108.91 USD
2015-12-11 price GLD                                98.67 USD
2015-12-18 price VBMPX                              30.76 USD
2015-12-18 price RGAGX                             132.85 USD
2015-12-18 price ITOT                               88.69 USD
2015-12-18 price VEA                                76.94 USD
2015-12-18 price VHT                               108.62 USD
2015-12-18 price GLD                                98.59 USD
2015-12-25 price VBMPX                              30.81 USD
2015-12-25 price RGAGX                             132.82 USD
2015-12-25 price ITOT                               89.66 USD
2015-12-25 price VEA                                78.23 USD
2015-12-25 price VHT                               109.96 USD
2015-12-25 price GLD                               100.45 USD
2016-01-01 price VBMPX                              30.68 USD
2016-01-01 price RGAGX                             133.47 USD
2016-01-01 price ITOT                               89.44 USD
2016-01-01 price VEA                                79.95 USD
2016-01-01 price VHT                               108.68 USD
2016-01-01 price GLD                               100.71 USD
2016-01-08 price VBMPX                              31.06 USD
2016-01-08 price RGAGX                             133.75 USD
2016-01-08 price ITOT                               88.66 USD
2016-01-08 price VEA                                80.75 USD
2016-01-08 price VHT                               107.70 USD
2016-01-08 price GLD                               101.99 USD
2016-01-15 price VBMPX                              30.86 USD
2016-01-15 price RGAGX                             138.25 USD
2016-01-15 price ITOT                               89.77 USD
2016-01-15 price VEA                                79.36 USD
2016-01-15 price VHT                               110.54 USD
2016-01-15 price GLD                               101.70 USD
2016-01-22 price VBMPX                              30.97 USD
2016-01-22 price RGAGX                             136.49 USD
2016-01-22 price ITOT                               89.29 USD
2016-01-22 price VEA                                79.36 USD
2016-01-22 price VHT                               108.32 USD
2016-01-22 price GLD                               100.62 USD
2016-01-29 price VBMPX                              30.74 USD
2016-01-29 price RGAGX                             134.46 USD
2016-01-29 price ITOT                               89.21 USD
2016-01-29 price VEA                                79.32 USD
2016-01-29 price VHT                               109.04 USD
2016-01-29 price GLD                               100.98 USD
2016-02-05 price VBMPX                              31.59 USD
2016-02-05 price RGAGX                             135.17 USD
2016-02-05 price ITOT                               90.55 USD
2016-02-05 price VEA                                79.28 USD
2016-02-05 price VHT                               107.17 USD
2016-02-05 price GLD                               102.68 USD
2016-02-12 price VBMPX                              31.19 USD
2016-02-12 price RGAGX                             133.96 USD
2016-02-12 price ITOT                               92.44 USD
2016-02-12 price VEA                                79.11 USD
2016-02-12 price VHT                               106.78 USD
2016-02-12 price GLD                               103.94 USD
2016-02-19 price VBMPX                              31.84 USD
2016-02-19 price RGAGX                             131.94 USD
2016-02-19 price ITOT                               92.10 USD
2016-02-19 price VEA                                80.37 USD
2016-02-19 price VHT                               107.85 USD
2016-02-19 price GLD                               105.57 USD
2016-02-26 price VBMPX                              31.84 USD
2016-02-26 price RGAGX                             131.67 USD
2016-02-26 price ITOT                               92.08 USD
2016-02-26 price VEA                                79.81 USD
2016-02-26 price VHT                               106.19 USD
2016-02-26 price GLD                               104.60 USD
2016-03-04 price VBMPX                              31.90 USD
2016-03-04 price RGAGX                             133.29 USD
2016-03-04 price ITOT                               92.69 USD
2016-03-04 price VEA                                79.00 USD
2016-03-04 price VHT                               109.40 USD
2016-03-04 price GLD                               103.91 USD
2016-03-11 price VBMPX                              32.18 USD
2016-03-11 price RGAGX                             130.35 USD
2016-03-11 price ITOT                               92.85 USD
2016-03-11 price VEA                                78.01 USD
2016-03-11 price VHT                               111.49 USD
2016-03-11 price GLD                               104.63 USD
2016-03-18 price VBMPX                              32.43 USD
2016-03-18 price RGAGX                             130.96 USD
2016-03-18 price ITOT                               94.16 USD
2016-03-18 price VEA                                78.26 USD
2016-03-18 price VHT                               111.71 USD
2016-03-18 price GLD                               106.39 USD
2016-03-25 price VBMPX                              32.66 USD
2016-03-25 price RGAGX                             131.52 USD
2016-03-25 price ITOT                               93.56 USD
2016-03-25 price VEA                                78.64 USD
2016-03-25 price VHT                               110.98 USD
2016-03-25 price GLD                               107.03 USD
2016-04-01 price VBMPX                              31.95 USD
2016-04-01 price RGAGX                             132.51 USD
2016-04-01 price ITOT                               94.26 USD
2016-04-01 price VEA                                78.79 USD
2016-04-01 price VHT                               108.96 USD
2016-04-01 price GLD                               106.59 USD
2016-04-08 price VBMPX                              32.30 USD
2016-04-08 price RGAGX                             132.00 USD
2016-04-08 price ITOT                               91.65 USD
2016-04-08 price VEA                                80.24 USD
2016-04-08 price VHT                               106.20 USD
2016-04-08 price GLD                               105.48 USD
2016-04-15 price VBMPX                              32.00 USD
2016-04-15 price RGAGX                             134.01 USD
2016-04-15 price ITOT                               92.58 USD
2016-04-15 price VEA                                81.55 USD
2016-04-15 price VHT                               106.29 USD
2016-04-15 price GLD                               105.60 USD
2016-04-22 price VBMPX                              30.88 USD
2016-04-22 price RGAGX                             136.69 USD
2016-04-22 price ITOT                               89.64 USD
2016-04-22 price VEA                                82.74 USD
2016-04-22 price VHT                               106.45 USD
2016-04-22 price GLD                               104.22 USD
2016-04-29 price VBMPX                              29.94 USD
2016-04-29 price RGAGX                             138.08 USD
2016-04-29 price ITOT                               91.41 USD
2016-04-29 price VEA                                84.78 USD
2016-04-29 price VHT                               105.36 USD
2016-04-29 price GLD                               105.81 USD
2016-05-06 price VBMPX                              30.08 USD
2016-05-06 price RGAGX                             137.44 USD
2016-05-06 price ITOT                               92.68 USD
2016-05-06 price VEA                                84.91 USD
2016-05-06 price VHT                               108.25 USD
2016-05-06 price GLD                               107.36 USD

2000-01-01 open Assets:Testing:MultipleCommodities
2000-01-01 *
  Assets:Testing:MultipleCommodities                  100 USD
  Equity:Opening-Balances

2000-01-02 *
  Assets:Testing:MultipleCommodities                    1 XYZ {50 USD}
  Assets:Testing:MultipleCommodities                  -50 USD

2000-01-03 * "rvztr tkrfrgp" "rvztr tkrfrgp"
  Assets:Testing:MultipleCommodities                    1 ABC {50 USD}
  Assets:Testing:MultipleCommodities                  -50 USD

2000-01-03 price XYZ                                  125 USD

* Cash

